%YAML 1.1
%TAG !u! tag:unity3d.com,2011:
--- !u!1 &601010544261374386
GameObject:
  m_ObjectHideFlags: 0
  m_CorrespondingSourceObject: {fileID: 0}
  m_PrefabInstance: {fileID: 0}
  m_PrefabAsset: {fileID: 0}
  serializedVersion: 6
  m_Component:
  - component: {fileID: 2437268121564068699}
  - component: {fileID: 3597334546267148299}
  - component: {fileID: 7946997466598730214}
  m_Layer: 0
  m_Name: mesh
  m_TagString: Untagged
  m_Icon: {fileID: 0}
  m_NavMeshLayer: 0
  m_StaticEditorFlags: 4294967295
  m_IsActive: 1
--- !u!4 &2437268121564068699
Transform:
  m_ObjectHideFlags: 0
  m_CorrespondingSourceObject: {fileID: 0}
  m_PrefabInstance: {fileID: 0}
  m_PrefabAsset: {fileID: 0}
  m_GameObject: {fileID: 601010544261374386}
  m_LocalRotation: {x: -0, y: -0, z: -0, w: 1}
  m_LocalPosition: {x: 0.49, y: 0, z: 0.25}
  m_LocalScale: {x: 1, y: 1, z: 1}
  m_Children: []
  m_Father: {fileID: 2140800555623853811}
  m_RootOrder: 0
  m_LocalEulerAnglesHint: {x: 0, y: 0, z: 0}
--- !u!33 &3597334546267148299
MeshFilter:
  m_ObjectHideFlags: 0
  m_CorrespondingSourceObject: {fileID: 0}
  m_PrefabInstance: {fileID: 0}
  m_PrefabAsset: {fileID: 0}
  m_GameObject: {fileID: 601010544261374386}
  m_Mesh: {fileID: 9206662063521292218, guid: 62803e25cbfe5e549bc9c04c36f5ed46, type: 3}
--- !u!23 &7946997466598730214
MeshRenderer:
  m_ObjectHideFlags: 0
  m_CorrespondingSourceObject: {fileID: 0}
  m_PrefabInstance: {fileID: 0}
  m_PrefabAsset: {fileID: 0}
  m_GameObject: {fileID: 601010544261374386}
  m_Enabled: 1
  m_CastShadows: 1
  m_ReceiveShadows: 1
  m_DynamicOccludee: 1
  m_MotionVectors: 1
  m_LightProbeUsage: 1
  m_ReflectionProbeUsage: 1
  m_RayTracingMode: 2
  m_RayTraceProcedural: 0
  m_RenderingLayerMask: 1
  m_RendererPriority: 0
  m_Materials:
  - {fileID: 2100000, guid: 8d1c0d3681c04c841b3d7bef621e35ee, type: 2}
  m_StaticBatchInfo:
    firstSubMesh: 0
    subMeshCount: 0
  m_StaticBatchRoot: {fileID: 0}
  m_ProbeAnchor: {fileID: 0}
  m_LightProbeVolumeOverride: {fileID: 0}
  m_ScaleInLightmap: 1
  m_ReceiveGI: 1
  m_PreserveUVs: 0
  m_IgnoreNormalsForChartDetection: 0
  m_ImportantGI: 0
  m_StitchLightmapSeams: 1
  m_SelectedEditorRenderState: 3
  m_MinimumChartSize: 4
  m_AutoUVMaxDistance: 0.5
  m_AutoUVMaxAngle: 89
  m_LightmapParameters: {fileID: 0}
  m_SortingLayerID: 0
  m_SortingLayer: 0
  m_SortingOrder: 0
  m_AdditionalVertexStreams: {fileID: 0}
--- !u!1 &880699183828096557
GameObject:
  m_ObjectHideFlags: 0
  m_CorrespondingSourceObject: {fileID: 0}
  m_PrefabInstance: {fileID: 0}
  m_PrefabAsset: {fileID: 0}
  serializedVersion: 6
  m_Component:
  - component: {fileID: 5708217339744024923}
  m_Layer: 0
  m_Name: entrances
  m_TagString: Untagged
  m_Icon: {fileID: 0}
  m_NavMeshLayer: 0
  m_StaticEditorFlags: 4294967295
  m_IsActive: 1
--- !u!4 &5708217339744024923
Transform:
  m_ObjectHideFlags: 0
  m_CorrespondingSourceObject: {fileID: 0}
  m_PrefabInstance: {fileID: 0}
  m_PrefabAsset: {fileID: 0}
  m_GameObject: {fileID: 880699183828096557}
  m_LocalRotation: {x: -0, y: -0, z: -0, w: 1}
  m_LocalPosition: {x: 0.19, y: 0, z: 0}
  m_LocalScale: {x: 1, y: 1, z: 1}
  m_Children:
  - {fileID: 9022707350197431312}
  - {fileID: 2377400335509933253}
  m_Father: {fileID: 2140800555623853811}
  m_RootOrder: 3
  m_LocalEulerAnglesHint: {x: 0, y: 0, z: 0}
--- !u!1 &5197151659224757280
GameObject:
  m_ObjectHideFlags: 0
  m_CorrespondingSourceObject: {fileID: 0}
  m_PrefabInstance: {fileID: 0}
  m_PrefabAsset: {fileID: 0}
  serializedVersion: 6
  m_Component:
  - component: {fileID: 892418692819960454}
  m_Layer: 0
  m_Name: decorations_random
  m_TagString: Untagged
  m_Icon: {fileID: 0}
  m_NavMeshLayer: 0
  m_StaticEditorFlags: 4294967295
  m_IsActive: 1
--- !u!4 &892418692819960454
Transform:
  m_ObjectHideFlags: 0
  m_CorrespondingSourceObject: {fileID: 0}
  m_PrefabInstance: {fileID: 0}
  m_PrefabAsset: {fileID: 0}
  m_GameObject: {fileID: 5197151659224757280}
  m_LocalRotation: {x: 0, y: 0, z: 0, w: 1}
  m_LocalPosition: {x: 0.19, y: 0, z: 0}
  m_LocalScale: {x: 1, y: 1, z: 1}
  m_Children:
  - {fileID: 5506599605725508646}
  - {fileID: 4302896147237712346}
  m_Father: {fileID: 2140800555623853811}
  m_RootOrder: 2
  m_LocalEulerAnglesHint: {x: 0, y: 0, z: 0}
--- !u!1 &5280533264454353675
GameObject:
  m_ObjectHideFlags: 0
  m_CorrespondingSourceObject: {fileID: 0}
  m_PrefabInstance: {fileID: 0}
  m_PrefabAsset: {fileID: 0}
  serializedVersion: 6
  m_Component:
  - component: {fileID: 2140800555623853811}
  - component: {fileID: 7119826515448953279}
  m_Layer: 0
  m_Name: building_house02_south
  m_TagString: Untagged
  m_Icon: {fileID: 0}
  m_NavMeshLayer: 0
  m_StaticEditorFlags: 4294967295
  m_IsActive: 1
--- !u!4 &2140800555623853811
Transform:
  m_ObjectHideFlags: 0
  m_CorrespondingSourceObject: {fileID: 0}
  m_PrefabInstance: {fileID: 0}
  m_PrefabAsset: {fileID: 0}
  m_GameObject: {fileID: 5280533264454353675}
  m_LocalRotation: {x: -0, y: -0, z: -0, w: 1}
  m_LocalPosition: {x: 0, y: 0, z: 0}
  m_LocalScale: {x: 1, y: 1, z: 1}
  m_Children:
  - {fileID: 2437268121564068699}
  - {fileID: 8289376480069959080}
  - {fileID: 892418692819960454}
  - {fileID: 5708217339744024923}
  m_Father: {fileID: 0}
  m_RootOrder: 0
  m_LocalEulerAnglesHint: {x: 0, y: 0, z: 0}
--- !u!114 &7119826515448953279
MonoBehaviour:
  m_ObjectHideFlags: 0
  m_CorrespondingSourceObject: {fileID: 0}
  m_PrefabInstance: {fileID: 0}
  m_PrefabAsset: {fileID: 0}
  m_GameObject: {fileID: 5280533264454353675}
  m_Enabled: 1
  m_EditorHideFlags: 0
  m_Script: {fileID: 11500000, guid: 7e7de66a74700024db828b2950cfc944, type: 3}
  m_Name: 
  m_EditorClassIdentifier: 
  sizeX: 2
  sizeY: 3
  groundDependentHolder: {fileID: 5333945345169936941}
  optionalDecorationsSets:
  - {fileID: 7461522763045556687}
  - {fileID: 7798484860916377551}
  citizenEntrance: {fileID: 9022707350197431312}
  vehicleEntrance: {fileID: 2377400335509933253}
  citizensAmount: 6
--- !u!1 &5333945345169936941
GameObject:
  m_ObjectHideFlags: 0
  m_CorrespondingSourceObject: {fileID: 0}
  m_PrefabInstance: {fileID: 0}
  m_PrefabAsset: {fileID: 0}
  serializedVersion: 6
  m_Component:
  - component: {fileID: 8289376480069959080}
  m_Layer: 0
  m_Name: decorations_grounddependent
  m_TagString: Untagged
  m_Icon: {fileID: 0}
  m_NavMeshLayer: 0
  m_StaticEditorFlags: 4294967295
  m_IsActive: 1
--- !u!4 &8289376480069959080
Transform:
  m_ObjectHideFlags: 0
  m_CorrespondingSourceObject: {fileID: 0}
  m_PrefabInstance: {fileID: 0}
  m_PrefabAsset: {fileID: 0}
  m_GameObject: {fileID: 5333945345169936941}
  m_LocalRotation: {x: 0, y: 0, z: 0, w: 1}
  m_LocalPosition: {x: 0.19, y: 0, z: 0}
  m_LocalScale: {x: 1, y: 1, z: 1}
  m_Children:
  - {fileID: 1602553237371807101}
  - {fileID: 1792112143852877849}
  - {fileID: 7892016662142522015}
  m_Father: {fileID: 2140800555623853811}
  m_RootOrder: 1
  m_LocalEulerAnglesHint: {x: 0, y: 0, z: 0}
--- !u!1 &5933749163800624055
GameObject:
  m_ObjectHideFlags: 0
  m_CorrespondingSourceObject: {fileID: 0}
  m_PrefabInstance: {fileID: 0}
  m_PrefabAsset: {fileID: 0}
  serializedVersion: 6
  m_Component:
  - component: {fileID: 4302896147237712346}
  - component: {fileID: 7461522763045556687}
  m_Layer: 0
  m_Name: addons_fencescollection
  m_TagString: Untagged
  m_Icon: {fileID: 0}
  m_NavMeshLayer: 0
  m_StaticEditorFlags: 4294967295
  m_IsActive: 1
--- !u!4 &4302896147237712346
Transform:
  m_ObjectHideFlags: 0
  m_CorrespondingSourceObject: {fileID: 0}
  m_PrefabInstance: {fileID: 0}
  m_PrefabAsset: {fileID: 0}
  m_GameObject: {fileID: 5933749163800624055}
  m_LocalRotation: {x: -0, y: -0, z: -0, w: 1}
  m_LocalPosition: {x: 0, y: 0, z: 0}
  m_LocalScale: {x: 1, y: 1, z: 1}
  m_Children:
  - {fileID: 176336539512527472}
  - {fileID: 6369509877031800880}
  m_Father: {fileID: 892418692819960454}
  m_RootOrder: 1
  m_LocalEulerAnglesHint: {x: 0, y: 0, z: 0}
--- !u!114 &7461522763045556687
MonoBehaviour:
  m_ObjectHideFlags: 0
  m_CorrespondingSourceObject: {fileID: 0}
  m_PrefabInstance: {fileID: 0}
  m_PrefabAsset: {fileID: 0}
  m_GameObject: {fileID: 5933749163800624055}
  m_Enabled: 1
  m_EditorHideFlags: 0
  m_Script: {fileID: 11500000, guid: df88fe1cc3e69ba4ab4481028315b972, type: 3}
  m_Name: 
  m_EditorClassIdentifier: 
  decorationSet:
  - chanceToShow: 100
    optionalDecorations:
    - {fileID: 7540869972821774561}
    - {fileID: 935385384887801090}
--- !u!1 &6317575061612601674
GameObject:
  m_ObjectHideFlags: 0
  m_CorrespondingSourceObject: {fileID: 0}
  m_PrefabInstance: {fileID: 0}
  m_PrefabAsset: {fileID: 0}
  serializedVersion: 6
  m_Component:
  - component: {fileID: 2377400335509933253}
  m_Layer: 0
  m_Name: vehicleEntrance
  m_TagString: Untagged
  m_Icon: {fileID: 0}
  m_NavMeshLayer: 0
  m_StaticEditorFlags: 4294967295
  m_IsActive: 1
--- !u!4 &2377400335509933253
Transform:
  m_ObjectHideFlags: 0
  m_CorrespondingSourceObject: {fileID: 0}
  m_PrefabInstance: {fileID: 0}
  m_PrefabAsset: {fileID: 0}
  m_GameObject: {fileID: 6317575061612601674}
  m_LocalRotation: {x: -0, y: -0, z: -0, w: 1}
  m_LocalPosition: {x: 0.7, y: 0, z: -0.29}
  m_LocalScale: {x: 1, y: 1, z: 1}
  m_Children: []
  m_Father: {fileID: 5708217339744024923}
  m_RootOrder: 1
  m_LocalEulerAnglesHint: {x: 0, y: 0, z: 0}
--- !u!1 &6551365118926467548
GameObject:
  m_ObjectHideFlags: 0
  m_CorrespondingSourceObject: {fileID: 0}
  m_PrefabInstance: {fileID: 0}
  m_PrefabAsset: {fileID: 0}
  serializedVersion: 6
  m_Component:
  - component: {fileID: 9022707350197431312}
  m_Layer: 0
  m_Name: citizenEntrance
  m_TagString: Untagged
  m_Icon: {fileID: 0}
  m_NavMeshLayer: 0
  m_StaticEditorFlags: 4294967295
  m_IsActive: 1
--- !u!4 &9022707350197431312
Transform:
  m_ObjectHideFlags: 0
  m_CorrespondingSourceObject: {fileID: 0}
  m_PrefabInstance: {fileID: 0}
  m_PrefabAsset: {fileID: 0}
  m_GameObject: {fileID: 6551365118926467548}
  m_LocalRotation: {x: -0, y: -0, z: -0, w: 1}
  m_LocalPosition: {x: 0.29, y: 0, z: -0.44}
  m_LocalScale: {x: 1, y: 1, z: 1}
  m_Children: []
  m_Father: {fileID: 5708217339744024923}
  m_RootOrder: 0
  m_LocalEulerAnglesHint: {x: 0, y: 0, z: 0}
--- !u!1001 &2128863468030482304
PrefabInstance:
  m_ObjectHideFlags: 0
  serializedVersion: 2
  m_Modification:
    m_TransformParent: {fileID: 8289376480069959080}
    m_Modifications:
    - target: {fileID: 384462333054873497, guid: 80ab79fea3ae6cc4abc10b7788954569, type: 3}
      propertyPath: m_RootOrder
      value: 1
      objectReference: {fileID: 0}
    - target: {fileID: 384462333054873497, guid: 80ab79fea3ae6cc4abc10b7788954569, type: 3}
      propertyPath: m_LocalPosition.x
      value: 0.71000004
      objectReference: {fileID: 0}
    - target: {fileID: 384462333054873497, guid: 80ab79fea3ae6cc4abc10b7788954569, type: 3}
      propertyPath: m_LocalPosition.y
      value: 0
      objectReference: {fileID: 0}
    - target: {fileID: 384462333054873497, guid: 80ab79fea3ae6cc4abc10b7788954569, type: 3}
      propertyPath: m_LocalPosition.z
      value: -0.2989998
      objectReference: {fileID: 0}
    - target: {fileID: 384462333054873497, guid: 80ab79fea3ae6cc4abc10b7788954569, type: 3}
      propertyPath: m_LocalRotation.w
      value: 1
      objectReference: {fileID: 0}
    - target: {fileID: 384462333054873497, guid: 80ab79fea3ae6cc4abc10b7788954569, type: 3}
      propertyPath: m_LocalRotation.x
      value: -0
      objectReference: {fileID: 0}
    - target: {fileID: 384462333054873497, guid: 80ab79fea3ae6cc4abc10b7788954569, type: 3}
      propertyPath: m_LocalRotation.y
      value: -0
      objectReference: {fileID: 0}
    - target: {fileID: 384462333054873497, guid: 80ab79fea3ae6cc4abc10b7788954569, type: 3}
      propertyPath: m_LocalRotation.z
      value: -0
      objectReference: {fileID: 0}
    - target: {fileID: 384462333054873497, guid: 80ab79fea3ae6cc4abc10b7788954569, type: 3}
      propertyPath: m_LocalEulerAnglesHint.x
      value: 0
      objectReference: {fileID: 0}
    - target: {fileID: 384462333054873497, guid: 80ab79fea3ae6cc4abc10b7788954569, type: 3}
      propertyPath: m_LocalEulerAnglesHint.y
      value: 0
      objectReference: {fileID: 0}
    - target: {fileID: 384462333054873497, guid: 80ab79fea3ae6cc4abc10b7788954569, type: 3}
      propertyPath: m_LocalEulerAnglesHint.z
      value: 0
      objectReference: {fileID: 0}
    - target: {fileID: 7781112316086989114, guid: 80ab79fea3ae6cc4abc10b7788954569, type: 3}
      propertyPath: m_Name
      value: addons_drivewaylong
      objectReference: {fileID: 0}
    m_RemovedComponents: []
  m_SourcePrefab: {fileID: 100100000, guid: 80ab79fea3ae6cc4abc10b7788954569, type: 3}
--- !u!4 &1792112143852877849 stripped
Transform:
  m_CorrespondingSourceObject: {fileID: 384462333054873497, guid: 80ab79fea3ae6cc4abc10b7788954569, type: 3}
  m_PrefabInstance: {fileID: 2128863468030482304}
  m_PrefabAsset: {fileID: 0}
--- !u!1001 &2128863469369618263
PrefabInstance:
  m_ObjectHideFlags: 0
  serializedVersion: 2
  m_Modification:
    m_TransformParent: {fileID: 4302896147237712346}
    m_Modifications:
    - target: {fileID: 2303950948034426151, guid: e0531f96bbabf0040af2ebb20b237cd8, type: 3}
      propertyPath: m_RootOrder
      value: 0
      objectReference: {fileID: 0}
    - target: {fileID: 2303950948034426151, guid: e0531f96bbabf0040af2ebb20b237cd8, type: 3}
      propertyPath: m_LocalPosition.x
      value: 0.30599976
      objectReference: {fileID: 0}
    - target: {fileID: 2303950948034426151, guid: e0531f96bbabf0040af2ebb20b237cd8, type: 3}
      propertyPath: m_LocalPosition.y
      value: 0
      objectReference: {fileID: 0}
    - target: {fileID: 2303950948034426151, guid: e0531f96bbabf0040af2ebb20b237cd8, type: 3}
      propertyPath: m_LocalPosition.z
      value: 1.4630003
      objectReference: {fileID: 0}
    - target: {fileID: 2303950948034426151, guid: e0531f96bbabf0040af2ebb20b237cd8, type: 3}
      propertyPath: m_LocalRotation.w
      value: 1
      objectReference: {fileID: 0}
    - target: {fileID: 2303950948034426151, guid: e0531f96bbabf0040af2ebb20b237cd8, type: 3}
      propertyPath: m_LocalRotation.x
      value: -0
      objectReference: {fileID: 0}
    - target: {fileID: 2303950948034426151, guid: e0531f96bbabf0040af2ebb20b237cd8, type: 3}
      propertyPath: m_LocalRotation.y
      value: -0
      objectReference: {fileID: 0}
    - target: {fileID: 2303950948034426151, guid: e0531f96bbabf0040af2ebb20b237cd8, type: 3}
      propertyPath: m_LocalRotation.z
      value: -0
      objectReference: {fileID: 0}
    - target: {fileID: 2303950948034426151, guid: e0531f96bbabf0040af2ebb20b237cd8, type: 3}
      propertyPath: m_LocalEulerAnglesHint.x
      value: 0
      objectReference: {fileID: 0}
    - target: {fileID: 2303950948034426151, guid: e0531f96bbabf0040af2ebb20b237cd8, type: 3}
      propertyPath: m_LocalEulerAnglesHint.y
      value: 0
      objectReference: {fileID: 0}
    - target: {fileID: 2303950948034426151, guid: e0531f96bbabf0040af2ebb20b237cd8, type: 3}
      propertyPath: m_LocalEulerAnglesHint.z
      value: 0
      objectReference: {fileID: 0}
    - target: {fileID: 8443601975264116662, guid: e0531f96bbabf0040af2ebb20b237cd8, type: 3}
      propertyPath: m_Name
      value: addons_fencelarge
      objectReference: {fileID: 0}
    m_RemovedComponents: []
  m_SourcePrefab: {fileID: 100100000, guid: e0531f96bbabf0040af2ebb20b237cd8, type: 3}
--- !u!1 &7540869972821774561 stripped
GameObject:
  m_CorrespondingSourceObject: {fileID: 8443601975264116662, guid: e0531f96bbabf0040af2ebb20b237cd8, type: 3}
  m_PrefabInstance: {fileID: 2128863469369618263}
  m_PrefabAsset: {fileID: 0}
--- !u!4 &176336539512527472 stripped
Transform:
  m_CorrespondingSourceObject: {fileID: 2303950948034426151, guid: e0531f96bbabf0040af2ebb20b237cd8, type: 3}
  m_PrefabInstance: {fileID: 2128863469369618263}
  m_PrefabAsset: {fileID: 0}
--- !u!1001 &2128863469450577282
PrefabInstance:
  m_ObjectHideFlags: 0
  serializedVersion: 2
  m_Modification:
    m_TransformParent: {fileID: 8289376480069959080}
    m_Modifications:
    - target: {fileID: 398096460243751448, guid: 51879217cae756047ab293fa736febc2, type: 3}
      propertyPath: m_Name
      value: addons_drivewayshort
      objectReference: {fileID: 0}
    - target: {fileID: 8074159584325949213, guid: 51879217cae756047ab293fa736febc2, type: 3}
      propertyPath: m_RootOrder
      value: 2
      objectReference: {fileID: 0}
    - target: {fileID: 8074159584325949213, guid: 51879217cae756047ab293fa736febc2, type: 3}
      propertyPath: m_LocalPosition.x
      value: 0.71000004
      objectReference: {fileID: 0}
    - target: {fileID: 8074159584325949213, guid: 51879217cae756047ab293fa736febc2, type: 3}
      propertyPath: m_LocalPosition.y
      value: 0
      objectReference: {fileID: 0}
    - target: {fileID: 8074159584325949213, guid: 51879217cae756047ab293fa736febc2, type: 3}
      propertyPath: m_LocalPosition.z
      value: 0.0010004044
      objectReference: {fileID: 0}
    - target: {fileID: 8074159584325949213, guid: 51879217cae756047ab293fa736febc2, type: 3}
      propertyPath: m_LocalRotation.w
      value: 1
      objectReference: {fileID: 0}
    - target: {fileID: 8074159584325949213, guid: 51879217cae756047ab293fa736febc2, type: 3}
      propertyPath: m_LocalRotation.x
      value: -0
      objectReference: {fileID: 0}
    - target: {fileID: 8074159584325949213, guid: 51879217cae756047ab293fa736febc2, type: 3}
      propertyPath: m_LocalRotation.y
      value: -0
      objectReference: {fileID: 0}
    - target: {fileID: 8074159584325949213, guid: 51879217cae756047ab293fa736febc2, type: 3}
      propertyPath: m_LocalRotation.z
      value: -0
      objectReference: {fileID: 0}
    - target: {fileID: 8074159584325949213, guid: 51879217cae756047ab293fa736febc2, type: 3}
      propertyPath: m_LocalEulerAnglesHint.x
      value: 0
      objectReference: {fileID: 0}
    - target: {fileID: 8074159584325949213, guid: 51879217cae756047ab293fa736febc2, type: 3}
      propertyPath: m_LocalEulerAnglesHint.y
      value: 0
      objectReference: {fileID: 0}
    - target: {fileID: 8074159584325949213, guid: 51879217cae756047ab293fa736febc2, type: 3}
      propertyPath: m_LocalEulerAnglesHint.z
      value: 0
      objectReference: {fileID: 0}
    m_RemovedComponents: []
  m_SourcePrefab: {fileID: 100100000, guid: 51879217cae756047ab293fa736febc2, type: 3}
--- !u!4 &7892016662142522015 stripped
Transform:
  m_CorrespondingSourceObject: {fileID: 8074159584325949213, guid: 51879217cae756047ab293fa736febc2, type: 3}
  m_PrefabInstance: {fileID: 2128863469450577282}
  m_PrefabAsset: {fileID: 0}
--- !u!1001 &2128863469546278720
PrefabInstance:
  m_ObjectHideFlags: 0
  serializedVersion: 2
  m_Modification:
    m_TransformParent: {fileID: 4302896147237712346}
    m_Modifications:
    - target: {fileID: 1256528514950683202, guid: 437961cdafeea0f41a7f55387da9c866, type: 3}
      propertyPath: m_Name
      value: addons_fencerectangle
      objectReference: {fileID: 0}
    - target: {fileID: 5039023821249453936, guid: 437961cdafeea0f41a7f55387da9c866, type: 3}
      propertyPath: m_RootOrder
      value: 1
      objectReference: {fileID: 0}
    - target: {fileID: 5039023821249453936, guid: 437961cdafeea0f41a7f55387da9c866, type: 3}
      propertyPath: m_LocalPosition.x
      value: 0.3039999
      objectReference: {fileID: 0}
    - target: {fileID: 5039023821249453936, guid: 437961cdafeea0f41a7f55387da9c866, type: 3}
      propertyPath: m_LocalPosition.y
      value: 0
      objectReference: {fileID: 0}
    - target: {fileID: 5039023821249453936, guid: 437961cdafeea0f41a7f55387da9c866, type: 3}
      propertyPath: m_LocalPosition.z
      value: 1.0279999
      objectReference: {fileID: 0}
    - target: {fileID: 5039023821249453936, guid: 437961cdafeea0f41a7f55387da9c866, type: 3}
      propertyPath: m_LocalRotation.w
      value: 1
      objectReference: {fileID: 0}
    - target: {fileID: 5039023821249453936, guid: 437961cdafeea0f41a7f55387da9c866, type: 3}
      propertyPath: m_LocalRotation.x
      value: -0
      objectReference: {fileID: 0}
    - target: {fileID: 5039023821249453936, guid: 437961cdafeea0f41a7f55387da9c866, type: 3}
      propertyPath: m_LocalRotation.y
      value: -0
      objectReference: {fileID: 0}
    - target: {fileID: 5039023821249453936, guid: 437961cdafeea0f41a7f55387da9c866, type: 3}
      propertyPath: m_LocalRotation.z
      value: -0
      objectReference: {fileID: 0}
    - target: {fileID: 5039023821249453936, guid: 437961cdafeea0f41a7f55387da9c866, type: 3}
      propertyPath: m_LocalEulerAnglesHint.x
      value: 0
      objectReference: {fileID: 0}
    - target: {fileID: 5039023821249453936, guid: 437961cdafeea0f41a7f55387da9c866, type: 3}
      propertyPath: m_LocalEulerAnglesHint.y
      value: 0
      objectReference: {fileID: 0}
    - target: {fileID: 5039023821249453936, guid: 437961cdafeea0f41a7f55387da9c866, type: 3}
      propertyPath: m_LocalEulerAnglesHint.z
      value: 0
      objectReference: {fileID: 0}
    m_RemovedComponents: []
  m_SourcePrefab: {fileID: 100100000, guid: 437961cdafeea0f41a7f55387da9c866, type: 3}
--- !u!1 &935385384887801090 stripped
GameObject:
  m_CorrespondingSourceObject: {fileID: 1256528514950683202, guid: 437961cdafeea0f41a7f55387da9c866, type: 3}
  m_PrefabInstance: {fileID: 2128863469546278720}
  m_PrefabAsset: {fileID: 0}
--- !u!4 &6369509877031800880 stripped
Transform:
  m_CorrespondingSourceObject: {fileID: 5039023821249453936, guid: 437961cdafeea0f41a7f55387da9c866, type: 3}
  m_PrefabInstance: {fileID: 2128863469546278720}
  m_PrefabAsset: {fileID: 0}
--- !u!1001 &3926676163080989093
PrefabInstance:
  m_ObjectHideFlags: 0
  serializedVersion: 2
  m_Modification:
    m_TransformParent: {fileID: 8289376480069959080}
    m_Modifications:
    - target: {fileID: 2324757391400062168, guid: 827a0114ab9558046bd58e4b0afa1527, type: 3}
      propertyPath: m_RootOrder
      value: 0
      objectReference: {fileID: 0}
    - target: {fileID: 2324757391400062168, guid: 827a0114ab9558046bd58e4b0afa1527, type: 3}
      propertyPath: m_LocalPosition.x
      value: 0.30926323
      objectReference: {fileID: 0}
    - target: {fileID: 2324757391400062168, guid: 827a0114ab9558046bd58e4b0afa1527, type: 3}
      propertyPath: m_LocalPosition.y
      value: 0
      objectReference: {fileID: 0}
    - target: {fileID: 2324757391400062168, guid: 827a0114ab9558046bd58e4b0afa1527, type: 3}
      propertyPath: m_LocalPosition.z
      value: -0.3970003
      objectReference: {fileID: 0}
    - target: {fileID: 2324757391400062168, guid: 827a0114ab9558046bd58e4b0afa1527, type: 3}
      propertyPath: m_LocalRotation.w
      value: 1
      objectReference: {fileID: 0}
    - target: {fileID: 2324757391400062168, guid: 827a0114ab9558046bd58e4b0afa1527, type: 3}
      propertyPath: m_LocalRotation.x
      value: -0
      objectReference: {fileID: 0}
    - target: {fileID: 2324757391400062168, guid: 827a0114ab9558046bd58e4b0afa1527, type: 3}
      propertyPath: m_LocalRotation.y
      value: -0
      objectReference: {fileID: 0}
    - target: {fileID: 2324757391400062168, guid: 827a0114ab9558046bd58e4b0afa1527, type: 3}
      propertyPath: m_LocalRotation.z
      value: -0
      objectReference: {fileID: 0}
    - target: {fileID: 2324757391400062168, guid: 827a0114ab9558046bd58e4b0afa1527, type: 3}
      propertyPath: m_LocalEulerAnglesHint.x
      value: 0
      objectReference: {fileID: 0}
    - target: {fileID: 2324757391400062168, guid: 827a0114ab9558046bd58e4b0afa1527, type: 3}
      propertyPath: m_LocalEulerAnglesHint.y
      value: 0
      objectReference: {fileID: 0}
    - target: {fileID: 2324757391400062168, guid: 827a0114ab9558046bd58e4b0afa1527, type: 3}
      propertyPath: m_LocalEulerAnglesHint.z
      value: 0
      objectReference: {fileID: 0}
    - target: {fileID: 8801577291930222214, guid: 827a0114ab9558046bd58e4b0afa1527, type: 3}
      propertyPath: m_Name
      value: addons_pathtilesshort
      objectReference: {fileID: 0}
    m_RemovedComponents: []
  m_SourcePrefab: {fileID: 100100000, guid: 827a0114ab9558046bd58e4b0afa1527, type: 3}
--- !u!4 &1602553237371807101 stripped
Transform:
  m_CorrespondingSourceObject: {fileID: 2324757391400062168, guid: 827a0114ab9558046bd58e4b0afa1527, type: 3}
  m_PrefabInstance: {fileID: 3926676163080989093}
  m_PrefabAsset: {fileID: 0}
--- !u!1001 &8121159950768243858
PrefabInstance:
  m_ObjectHideFlags: 0
  serializedVersion: 2
  m_Modification:
    m_TransformParent: {fileID: 892418692819960454}
    m_Modifications:
    - target: {fileID: 2946174968828909278, guid: 1bad95680362ab44fa6b0f049b52a7d0, type: 3}
      propertyPath: m_Name
      value: addons_housetreescollection
      objectReference: {fileID: 0}
    - target: {fileID: 4386357431294800052, guid: 1bad95680362ab44fa6b0f049b52a7d0, type: 3}
      propertyPath: m_RootOrder
      value: 0
      objectReference: {fileID: 0}
    - target: {fileID: 4386357431294800052, guid: 1bad95680362ab44fa6b0f049b52a7d0, type: 3}
      propertyPath: m_LocalPosition.x
      value: -0.069999695
      objectReference: {fileID: 0}
    - target: {fileID: 4386357431294800052, guid: 1bad95680362ab44fa6b0f049b52a7d0, type: 3}
      propertyPath: m_LocalPosition.y
      value: 0
      objectReference: {fileID: 0}
    - target: {fileID: 4386357431294800052, guid: 1bad95680362ab44fa6b0f049b52a7d0, type: 3}
      propertyPath: m_LocalPosition.z
      value: 1.8540001
      objectReference: {fileID: 0}
    - target: {fileID: 4386357431294800052, guid: 1bad95680362ab44fa6b0f049b52a7d0, type: 3}
      propertyPath: m_LocalRotation.w
      value: 1
      objectReference: {fileID: 0}
    - target: {fileID: 4386357431294800052, guid: 1bad95680362ab44fa6b0f049b52a7d0, type: 3}
      propertyPath: m_LocalRotation.x
      value: -0
      objectReference: {fileID: 0}
    - target: {fileID: 4386357431294800052, guid: 1bad95680362ab44fa6b0f049b52a7d0, type: 3}
      propertyPath: m_LocalRotation.y
      value: -0
      objectReference: {fileID: 0}
    - target: {fileID: 4386357431294800052, guid: 1bad95680362ab44fa6b0f049b52a7d0, type: 3}
      propertyPath: m_LocalRotation.z
      value: -0
      objectReference: {fileID: 0}
    - target: {fileID: 4386357431294800052, guid: 1bad95680362ab44fa6b0f049b52a7d0, type: 3}
      propertyPath: m_LocalEulerAnglesHint.x
      value: 0
      objectReference: {fileID: 0}
    - target: {fileID: 4386357431294800052, guid: 1bad95680362ab44fa6b0f049b52a7d0, type: 3}
      propertyPath: m_LocalEulerAnglesHint.y
      value: 0
      objectReference: {fileID: 0}
    - target: {fileID: 4386357431294800052, guid: 1bad95680362ab44fa6b0f049b52a7d0, type: 3}
      propertyPath: m_LocalEulerAnglesHint.z
      value: 0
      objectReference: {fileID: 0}
    m_RemovedComponents: []
  m_SourcePrefab: {fileID: 100100000, guid: 1bad95680362ab44fa6b0f049b52a7d0, type: 3}
--- !u!114 &7798484860916377551 stripped
MonoBehaviour:
  m_CorrespondingSourceObject: {fileID: 2057563779914605405, guid: 1bad95680362ab44fa6b0f049b52a7d0, type: 3}
  m_PrefabInstance: {fileID: 8121159950768243858}
  m_PrefabAsset: {fileID: 0}
  m_GameObject: {fileID: 0}
  m_Enabled: 1
  m_EditorHideFlags: 0
  m_Script: {fileID: 11500000, guid: e88f30513adb73141973b78f0dc1191c, type: 3}
  m_Name: 
  m_EditorClassIdentifier: 
--- !u!4 &5506599605725508646 stripped
Transform:
  m_CorrespondingSourceObject: {fileID: 4386357431294800052, guid: 1bad95680362ab44fa6b0f049b52a7d0, type: 3}
  m_PrefabInstance: {fileID: 8121159950768243858}
  m_PrefabAsset: {fileID: 0}
