%YAML 1.1
%TAG !u! tag:unity3d.com,2011:
--- !u!1 &1894363561952440605
GameObject:
  m_ObjectHideFlags: 0
  m_CorrespondingSourceObject: {fileID: 0}
  m_PrefabInstance: {fileID: 0}
  m_PrefabAsset: {fileID: 0}
  serializedVersion: 6
  m_Component:
  - component: {fileID: 4649754242408128715}
  - component: {fileID: 6635980926402898296}
  - component: {fileID: 2813524393094895061}
  m_Layer: 0
  m_Name: mesh
  m_TagString: Untagged
  m_Icon: {fileID: 0}
  m_NavMeshLayer: 0
  m_StaticEditorFlags: 4294967295
  m_IsActive: 1
--- !u!4 &4649754242408128715
Transform:
  m_ObjectHideFlags: 0
  m_CorrespondingSourceObject: {fileID: 0}
  m_PrefabInstance: {fileID: 0}
  m_PrefabAsset: {fileID: 0}
  m_GameObject: {fileID: 1894363561952440605}
  m_LocalRotation: {x: -0, y: -0, z: -0, w: 1}
  m_LocalPosition: {x: 0.52, y: 0, z: 0.47}
  m_LocalScale: {x: 1, y: 1, z: 1}
  m_Children: []
  m_Father: {fileID: 3753499766062840832}
  m_RootOrder: 0
  m_LocalEulerAnglesHint: {x: 0, y: 0, z: 0}
--- !u!33 &6635980926402898296
MeshFilter:
  m_ObjectHideFlags: 0
  m_CorrespondingSourceObject: {fileID: 0}
  m_PrefabInstance: {fileID: 0}
  m_PrefabAsset: {fileID: 0}
  m_GameObject: {fileID: 1894363561952440605}
  m_Mesh: {fileID: -5932170902081455270, guid: 23c34735c73856f4ca8fac8ec486ae81, type: 3}
--- !u!23 &2813524393094895061
MeshRenderer:
  m_ObjectHideFlags: 0
  m_CorrespondingSourceObject: {fileID: 0}
  m_PrefabInstance: {fileID: 0}
  m_PrefabAsset: {fileID: 0}
  m_GameObject: {fileID: 1894363561952440605}
  m_Enabled: 1
  m_CastShadows: 1
  m_ReceiveShadows: 1
  m_DynamicOccludee: 1
  m_MotionVectors: 1
  m_LightProbeUsage: 1
  m_ReflectionProbeUsage: 1
  m_RayTracingMode: 2
  m_RayTraceProcedural: 0
  m_RenderingLayerMask: 1
  m_RendererPriority: 0
  m_Materials:
  - {fileID: 2100000, guid: 8d1c0d3681c04c841b3d7bef621e35ee, type: 2}
  m_StaticBatchInfo:
    firstSubMesh: 0
    subMeshCount: 0
  m_StaticBatchRoot: {fileID: 0}
  m_ProbeAnchor: {fileID: 0}
  m_LightProbeVolumeOverride: {fileID: 0}
  m_ScaleInLightmap: 1
  m_ReceiveGI: 1
  m_PreserveUVs: 0
  m_IgnoreNormalsForChartDetection: 0
  m_ImportantGI: 0
  m_StitchLightmapSeams: 1
  m_SelectedEditorRenderState: 3
  m_MinimumChartSize: 4
  m_AutoUVMaxDistance: 0.5
  m_AutoUVMaxAngle: 89
  m_LightmapParameters: {fileID: 0}
  m_SortingLayerID: 0
  m_SortingLayer: 0
  m_SortingOrder: 0
  m_AdditionalVertexStreams: {fileID: 0}
--- !u!1 &2549000170499957079
GameObject:
  m_ObjectHideFlags: 0
  m_CorrespondingSourceObject: {fileID: 0}
  m_PrefabInstance: {fileID: 0}
  m_PrefabAsset: {fileID: 0}
  serializedVersion: 6
  m_Component:
  - component: {fileID: 7356931546233433287}
  m_Layer: 0
  m_Name: entrances
  m_TagString: Untagged
  m_Icon: {fileID: 0}
  m_NavMeshLayer: 0
  m_StaticEditorFlags: 4294967295
  m_IsActive: 1
--- !u!4 &7356931546233433287
Transform:
  m_ObjectHideFlags: 0
  m_CorrespondingSourceObject: {fileID: 0}
  m_PrefabInstance: {fileID: 0}
  m_PrefabAsset: {fileID: 0}
  m_GameObject: {fileID: 2549000170499957079}
  m_LocalRotation: {x: -0, y: -0, z: -0, w: 1}
  m_LocalPosition: {x: 0, y: 0, z: 0}
  m_LocalScale: {x: 1, y: 1, z: 1}
  m_Children:
  - {fileID: 7884943196155041457}
  m_Father: {fileID: 3753499766062840832}
  m_RootOrder: 3
  m_LocalEulerAnglesHint: {x: 0, y: 0, z: 0}
--- !u!1 &5375928422529661505
GameObject:
  m_ObjectHideFlags: 0
  m_CorrespondingSourceObject: {fileID: 0}
  m_PrefabInstance: {fileID: 0}
  m_PrefabAsset: {fileID: 0}
  serializedVersion: 6
  m_Component:
  - component: {fileID: 7535765852739540000}
  m_Layer: 0
  m_Name: decorations_grounddependent
  m_TagString: Untagged
  m_Icon: {fileID: 0}
  m_NavMeshLayer: 0
  m_StaticEditorFlags: 4294967295
  m_IsActive: 1
--- !u!4 &7535765852739540000
Transform:
  m_ObjectHideFlags: 0
  m_CorrespondingSourceObject: {fileID: 0}
  m_PrefabInstance: {fileID: 0}
  m_PrefabAsset: {fileID: 0}
  m_GameObject: {fileID: 5375928422529661505}
  m_LocalRotation: {x: -0, y: -0, z: -0, w: 1}
  m_LocalPosition: {x: 0, y: 0, z: 0}
  m_LocalScale: {x: 1, y: 1, z: 1}
  m_Children:
  - {fileID: 2096597102994883768}
  - {fileID: 2530725170052038567}
  m_Father: {fileID: 3753499766062840832}
  m_RootOrder: 1
  m_LocalEulerAnglesHint: {x: 0, y: 0, z: 0}
--- !u!1 &6134042481230199171
GameObject:
  m_ObjectHideFlags: 0
  m_CorrespondingSourceObject: {fileID: 0}
  m_PrefabInstance: {fileID: 0}
  m_PrefabAsset: {fileID: 0}
  serializedVersion: 6
  m_Component:
  - component: {fileID: 3753499766062840832}
  - component: {fileID: 6468445186646766987}
  m_Layer: 0
  m_Name: building_house12_south
  m_TagString: Untagged
  m_Icon: {fileID: 0}
  m_NavMeshLayer: 0
  m_StaticEditorFlags: 4294967295
  m_IsActive: 1
--- !u!4 &3753499766062840832
Transform:
  m_ObjectHideFlags: 0
  m_CorrespondingSourceObject: {fileID: 0}
  m_PrefabInstance: {fileID: 0}
  m_PrefabAsset: {fileID: 0}
  m_GameObject: {fileID: 6134042481230199171}
  m_LocalRotation: {x: -0, y: -0, z: -0, w: 1}
  m_LocalPosition: {x: 0, y: 0, z: 0}
  m_LocalScale: {x: 1, y: 1, z: 1}
  m_Children:
  - {fileID: 4649754242408128715}
  - {fileID: 7535765852739540000}
  - {fileID: 1884413130291506866}
  - {fileID: 7356931546233433287}
  m_Father: {fileID: 0}
  m_RootOrder: 0
  m_LocalEulerAnglesHint: {x: 0, y: 0, z: 0}
--- !u!114 &6468445186646766987
MonoBehaviour:
  m_ObjectHideFlags: 0
  m_CorrespondingSourceObject: {fileID: 0}
  m_PrefabInstance: {fileID: 0}
  m_PrefabAsset: {fileID: 0}
  m_GameObject: {fileID: 6134042481230199171}
  m_Enabled: 1
  m_EditorHideFlags: 0
  m_Script: {fileID: 11500000, guid: 7e7de66a74700024db828b2950cfc944, type: 3}
  m_Name: 
  m_EditorClassIdentifier: 
  sizeX: 2
  sizeY: 3
  groundDependentHolder: {fileID: 5375928422529661505}
  optionalDecorationsSets:
  - {fileID: 8533929627567457010}
  - {fileID: 5792097359613699567}
  citizenEntrance: {fileID: 7884943196155041457}
  vehicleEntrance: {fileID: 0}
  citizensAmount: 6
--- !u!1 &7451393929666718511
GameObject:
  m_ObjectHideFlags: 0
  m_CorrespondingSourceObject: {fileID: 0}
  m_PrefabInstance: {fileID: 0}
  m_PrefabAsset: {fileID: 0}
  serializedVersion: 6
  m_Component:
  - component: {fileID: 7884943196155041457}
  m_Layer: 0
  m_Name: citizenEntrance
  m_TagString: Untagged
  m_Icon: {fileID: 0}
  m_NavMeshLayer: 0
  m_StaticEditorFlags: 4294967295
  m_IsActive: 1
--- !u!4 &7884943196155041457
Transform:
  m_ObjectHideFlags: 0
  m_CorrespondingSourceObject: {fileID: 0}
  m_PrefabInstance: {fileID: 0}
  m_PrefabAsset: {fileID: 0}
  m_GameObject: {fileID: 7451393929666718511}
  m_LocalRotation: {x: -0, y: -0, z: -0, w: 1}
  m_LocalPosition: {x: 0.5, y: 0, z: 0}
  m_LocalScale: {x: 1, y: 1, z: 1}
  m_Children: []
  m_Father: {fileID: 7356931546233433287}
  m_RootOrder: 0
  m_LocalEulerAnglesHint: {x: 0, y: 0, z: 0}
--- !u!1 &8326312377660662908
GameObject:
  m_ObjectHideFlags: 0
  m_CorrespondingSourceObject: {fileID: 0}
  m_PrefabInstance: {fileID: 0}
  m_PrefabAsset: {fileID: 0}
  serializedVersion: 6
  m_Component:
  - component: {fileID: 5494350759594705477}
  - component: {fileID: 8533929627567457010}
  m_Layer: 0
  m_Name: addons_fencescollection
  m_TagString: Untagged
  m_Icon: {fileID: 0}
  m_NavMeshLayer: 0
  m_StaticEditorFlags: 4294967295
  m_IsActive: 1
--- !u!4 &5494350759594705477
Transform:
  m_ObjectHideFlags: 0
  m_CorrespondingSourceObject: {fileID: 0}
  m_PrefabInstance: {fileID: 0}
  m_PrefabAsset: {fileID: 0}
  m_GameObject: {fileID: 8326312377660662908}
  m_LocalRotation: {x: -0, y: -0, z: -0, w: 1}
  m_LocalPosition: {x: 0, y: 0, z: 0}
  m_LocalScale: {x: 1, y: 1, z: 1}
  m_Children:
  - {fileID: 2080951927755579908}
  - {fileID: 5113402629154204130}
  m_Father: {fileID: 1884413130291506866}
  m_RootOrder: 1
  m_LocalEulerAnglesHint: {x: 0, y: 0, z: 0}
--- !u!114 &8533929627567457010
MonoBehaviour:
  m_ObjectHideFlags: 0
  m_CorrespondingSourceObject: {fileID: 0}
  m_PrefabInstance: {fileID: 0}
  m_PrefabAsset: {fileID: 0}
  m_GameObject: {fileID: 8326312377660662908}
  m_Enabled: 1
  m_EditorHideFlags: 0
  m_Script: {fileID: 11500000, guid: df88fe1cc3e69ba4ab4481028315b972, type: 3}
  m_Name: 
  m_EditorClassIdentifier: 
  decorationSet:
  - chanceToShow: 100
    optionalDecorations:
    - {fileID: 8517981091954059413}
    - {fileID: 1326406745275116752}
--- !u!1 &8688837146043318904
GameObject:
  m_ObjectHideFlags: 0
  m_CorrespondingSourceObject: {fileID: 0}
  m_PrefabInstance: {fileID: 0}
  m_PrefabAsset: {fileID: 0}
  serializedVersion: 6
  m_Component:
  - component: {fileID: 1884413130291506866}
  m_Layer: 0
  m_Name: decorations_random
  m_TagString: Untagged
  m_Icon: {fileID: 0}
  m_NavMeshLayer: 0
  m_StaticEditorFlags: 4294967295
  m_IsActive: 1
--- !u!4 &1884413130291506866
Transform:
  m_ObjectHideFlags: 0
  m_CorrespondingSourceObject: {fileID: 0}
  m_PrefabInstance: {fileID: 0}
  m_PrefabAsset: {fileID: 0}
  m_GameObject: {fileID: 8688837146043318904}
  m_LocalRotation: {x: -0, y: -0, z: -0, w: 1}
  m_LocalPosition: {x: 0, y: 0, z: 0}
  m_LocalScale: {x: 1, y: 1, z: 1}
  m_Children:
  - {fileID: 8084874335463749126}
  - {fileID: 5494350759594705477}
  m_Father: {fileID: 3753499766062840832}
  m_RootOrder: 2
  m_LocalEulerAnglesHint: {x: 0, y: 0, z: 0}
--- !u!1001 &223000675637196434
PrefabInstance:
  m_ObjectHideFlags: 0
  serializedVersion: 2
  m_Modification:
    m_TransformParent: {fileID: 5494350759594705477}
    m_Modifications:
    - target: {fileID: 1256528514950683202, guid: 437961cdafeea0f41a7f55387da9c866, type: 3}
      propertyPath: m_Name
      value: addons_fencerectangle
      objectReference: {fileID: 0}
    - target: {fileID: 5039023821249453936, guid: 437961cdafeea0f41a7f55387da9c866, type: 3}
      propertyPath: m_RootOrder
      value: 1
      objectReference: {fileID: 0}
    - target: {fileID: 5039023821249453936, guid: 437961cdafeea0f41a7f55387da9c866, type: 3}
      propertyPath: m_LocalPosition.x
      value: 0.5149994
      objectReference: {fileID: 0}
    - target: {fileID: 5039023821249453936, guid: 437961cdafeea0f41a7f55387da9c866, type: 3}
      propertyPath: m_LocalPosition.y
      value: 0
      objectReference: {fileID: 0}
    - target: {fileID: 5039023821249453936, guid: 437961cdafeea0f41a7f55387da9c866, type: 3}
      propertyPath: m_LocalPosition.z
      value: 1.0279999
      objectReference: {fileID: 0}
    - target: {fileID: 5039023821249453936, guid: 437961cdafeea0f41a7f55387da9c866, type: 3}
      propertyPath: m_LocalRotation.w
      value: 1
      objectReference: {fileID: 0}
    - target: {fileID: 5039023821249453936, guid: 437961cdafeea0f41a7f55387da9c866, type: 3}
      propertyPath: m_LocalRotation.x
      value: -0
      objectReference: {fileID: 0}
    - target: {fileID: 5039023821249453936, guid: 437961cdafeea0f41a7f55387da9c866, type: 3}
      propertyPath: m_LocalRotation.y
      value: -0
      objectReference: {fileID: 0}
    - target: {fileID: 5039023821249453936, guid: 437961cdafeea0f41a7f55387da9c866, type: 3}
      propertyPath: m_LocalRotation.z
      value: -0
      objectReference: {fileID: 0}
    - target: {fileID: 5039023821249453936, guid: 437961cdafeea0f41a7f55387da9c866, type: 3}
      propertyPath: m_LocalEulerAnglesHint.x
      value: 0
      objectReference: {fileID: 0}
    - target: {fileID: 5039023821249453936, guid: 437961cdafeea0f41a7f55387da9c866, type: 3}
      propertyPath: m_LocalEulerAnglesHint.y
      value: 0
      objectReference: {fileID: 0}
    - target: {fileID: 5039023821249453936, guid: 437961cdafeea0f41a7f55387da9c866, type: 3}
      propertyPath: m_LocalEulerAnglesHint.z
      value: 0
      objectReference: {fileID: 0}
    m_RemovedComponents: []
  m_SourcePrefab: {fileID: 100100000, guid: 437961cdafeea0f41a7f55387da9c866, type: 3}
--- !u!1 &1326406745275116752 stripped
GameObject:
  m_CorrespondingSourceObject: {fileID: 1256528514950683202, guid: 437961cdafeea0f41a7f55387da9c866, type: 3}
  m_PrefabInstance: {fileID: 223000675637196434}
  m_PrefabAsset: {fileID: 0}
--- !u!4 &5113402629154204130 stripped
Transform:
  m_CorrespondingSourceObject: {fileID: 5039023821249453936, guid: 437961cdafeea0f41a7f55387da9c866, type: 3}
  m_PrefabInstance: {fileID: 223000675637196434}
  m_PrefabAsset: {fileID: 0}
--- !u!1001 &223000675989919523
PrefabInstance:
  m_ObjectHideFlags: 0
  serializedVersion: 2
  m_Modification:
    m_TransformParent: {fileID: 5494350759594705477}
    m_Modifications:
    - target: {fileID: 2303950948034426151, guid: e0531f96bbabf0040af2ebb20b237cd8, type: 3}
      propertyPath: m_RootOrder
      value: 0
      objectReference: {fileID: 0}
    - target: {fileID: 2303950948034426151, guid: e0531f96bbabf0040af2ebb20b237cd8, type: 3}
      propertyPath: m_LocalPosition.x
      value: 0.5170002
      objectReference: {fileID: 0}
    - target: {fileID: 2303950948034426151, guid: e0531f96bbabf0040af2ebb20b237cd8, type: 3}
      propertyPath: m_LocalPosition.y
      value: 0
      objectReference: {fileID: 0}
    - target: {fileID: 2303950948034426151, guid: e0531f96bbabf0040af2ebb20b237cd8, type: 3}
      propertyPath: m_LocalPosition.z
      value: 1.4630003
      objectReference: {fileID: 0}
    - target: {fileID: 2303950948034426151, guid: e0531f96bbabf0040af2ebb20b237cd8, type: 3}
      propertyPath: m_LocalRotation.w
      value: 1
      objectReference: {fileID: 0}
    - target: {fileID: 2303950948034426151, guid: e0531f96bbabf0040af2ebb20b237cd8, type: 3}
      propertyPath: m_LocalRotation.x
      value: -0
      objectReference: {fileID: 0}
    - target: {fileID: 2303950948034426151, guid: e0531f96bbabf0040af2ebb20b237cd8, type: 3}
      propertyPath: m_LocalRotation.y
      value: -0
      objectReference: {fileID: 0}
    - target: {fileID: 2303950948034426151, guid: e0531f96bbabf0040af2ebb20b237cd8, type: 3}
      propertyPath: m_LocalRotation.z
      value: -0
      objectReference: {fileID: 0}
    - target: {fileID: 2303950948034426151, guid: e0531f96bbabf0040af2ebb20b237cd8, type: 3}
      propertyPath: m_LocalEulerAnglesHint.x
      value: 0
      objectReference: {fileID: 0}
    - target: {fileID: 2303950948034426151, guid: e0531f96bbabf0040af2ebb20b237cd8, type: 3}
      propertyPath: m_LocalEulerAnglesHint.y
      value: 0
      objectReference: {fileID: 0}
    - target: {fileID: 2303950948034426151, guid: e0531f96bbabf0040af2ebb20b237cd8, type: 3}
      propertyPath: m_LocalEulerAnglesHint.z
      value: 0
      objectReference: {fileID: 0}
    - target: {fileID: 8443601975264116662, guid: e0531f96bbabf0040af2ebb20b237cd8, type: 3}
      propertyPath: m_Name
      value: addons_fencelarge
      objectReference: {fileID: 0}
    m_RemovedComponents: []
  m_SourcePrefab: {fileID: 100100000, guid: e0531f96bbabf0040af2ebb20b237cd8, type: 3}
--- !u!1 &8517981091954059413 stripped
GameObject:
  m_CorrespondingSourceObject: {fileID: 8443601975264116662, guid: e0531f96bbabf0040af2ebb20b237cd8, type: 3}
  m_PrefabInstance: {fileID: 223000675989919523}
  m_PrefabAsset: {fileID: 0}
--- !u!4 &2080951927755579908 stripped
Transform:
  m_CorrespondingSourceObject: {fileID: 2303950948034426151, guid: e0531f96bbabf0040af2ebb20b237cd8, type: 3}
  m_PrefabInstance: {fileID: 223000675989919523}
  m_PrefabAsset: {fileID: 0}
--- !u!1001 &4421313771625171040
PrefabInstance:
  m_ObjectHideFlags: 0
  serializedVersion: 2
  m_Modification:
    m_TransformParent: {fileID: 7535765852739540000}
    m_Modifications:
    - target: {fileID: 2324757391400062168, guid: 827a0114ab9558046bd58e4b0afa1527, type: 3}
      propertyPath: m_RootOrder
      value: 0
      objectReference: {fileID: 0}
    - target: {fileID: 2324757391400062168, guid: 827a0114ab9558046bd58e4b0afa1527, type: 3}
      propertyPath: m_LocalPosition.x
      value: 0.5300007
      objectReference: {fileID: 0}
    - target: {fileID: 2324757391400062168, guid: 827a0114ab9558046bd58e4b0afa1527, type: 3}
      propertyPath: m_LocalPosition.y
      value: -0.001
      objectReference: {fileID: 0}
    - target: {fileID: 2324757391400062168, guid: 827a0114ab9558046bd58e4b0afa1527, type: 3}
      propertyPath: m_LocalPosition.z
      value: -0.3970003
      objectReference: {fileID: 0}
    - target: {fileID: 2324757391400062168, guid: 827a0114ab9558046bd58e4b0afa1527, type: 3}
      propertyPath: m_LocalRotation.w
      value: 1
      objectReference: {fileID: 0}
    - target: {fileID: 2324757391400062168, guid: 827a0114ab9558046bd58e4b0afa1527, type: 3}
      propertyPath: m_LocalRotation.x
      value: -0
      objectReference: {fileID: 0}
    - target: {fileID: 2324757391400062168, guid: 827a0114ab9558046bd58e4b0afa1527, type: 3}
      propertyPath: m_LocalRotation.y
      value: -0
      objectReference: {fileID: 0}
    - target: {fileID: 2324757391400062168, guid: 827a0114ab9558046bd58e4b0afa1527, type: 3}
      propertyPath: m_LocalRotation.z
      value: -0
      objectReference: {fileID: 0}
    - target: {fileID: 2324757391400062168, guid: 827a0114ab9558046bd58e4b0afa1527, type: 3}
      propertyPath: m_LocalEulerAnglesHint.x
      value: 0
      objectReference: {fileID: 0}
    - target: {fileID: 2324757391400062168, guid: 827a0114ab9558046bd58e4b0afa1527, type: 3}
      propertyPath: m_LocalEulerAnglesHint.y
      value: 0
      objectReference: {fileID: 0}
    - target: {fileID: 2324757391400062168, guid: 827a0114ab9558046bd58e4b0afa1527, type: 3}
      propertyPath: m_LocalEulerAnglesHint.z
      value: 0
      objectReference: {fileID: 0}
    - target: {fileID: 8801577291930222214, guid: 827a0114ab9558046bd58e4b0afa1527, type: 3}
      propertyPath: m_Name
      value: addons_pathtilesshort
      objectReference: {fileID: 0}
    m_RemovedComponents: []
  m_SourcePrefab: {fileID: 100100000, guid: 827a0114ab9558046bd58e4b0afa1527, type: 3}
--- !u!4 &2096597102994883768 stripped
Transform:
  m_CorrespondingSourceObject: {fileID: 2324757391400062168, guid: 827a0114ab9558046bd58e4b0afa1527, type: 3}
  m_PrefabInstance: {fileID: 4421313771625171040}
  m_PrefabAsset: {fileID: 0}
--- !u!1001 &5542882788711433906
PrefabInstance:
  m_ObjectHideFlags: 0
  serializedVersion: 2
  m_Modification:
    m_TransformParent: {fileID: 1884413130291506866}
    m_Modifications:
    - target: {fileID: 2946174968828909278, guid: 1bad95680362ab44fa6b0f049b52a7d0, type: 3}
      propertyPath: m_Name
      value: addons_housetreescollection
      objectReference: {fileID: 0}
    - target: {fileID: 4386357431294800052, guid: 1bad95680362ab44fa6b0f049b52a7d0, type: 3}
      propertyPath: m_RootOrder
      value: 0
      objectReference: {fileID: 0}
    - target: {fileID: 4386357431294800052, guid: 1bad95680362ab44fa6b0f049b52a7d0, type: 3}
      propertyPath: m_LocalPosition.x
      value: 0.14699936
      objectReference: {fileID: 0}
    - target: {fileID: 4386357431294800052, guid: 1bad95680362ab44fa6b0f049b52a7d0, type: 3}
      propertyPath: m_LocalPosition.y
      value: 0
      objectReference: {fileID: 0}
    - target: {fileID: 4386357431294800052, guid: 1bad95680362ab44fa6b0f049b52a7d0, type: 3}
      propertyPath: m_LocalPosition.z
      value: 1.8540001
      objectReference: {fileID: 0}
    - target: {fileID: 4386357431294800052, guid: 1bad95680362ab44fa6b0f049b52a7d0, type: 3}
      propertyPath: m_LocalRotation.w
      value: 1
      objectReference: {fileID: 0}
    - target: {fileID: 4386357431294800052, guid: 1bad95680362ab44fa6b0f049b52a7d0, type: 3}
      propertyPath: m_LocalRotation.x
      value: -0
      objectReference: {fileID: 0}
    - target: {fileID: 4386357431294800052, guid: 1bad95680362ab44fa6b0f049b52a7d0, type: 3}
      propertyPath: m_LocalRotation.y
      value: -0
      objectReference: {fileID: 0}
    - target: {fileID: 4386357431294800052, guid: 1bad95680362ab44fa6b0f049b52a7d0, type: 3}
      propertyPath: m_LocalRotation.z
      value: -0
      objectReference: {fileID: 0}
    - target: {fileID: 4386357431294800052, guid: 1bad95680362ab44fa6b0f049b52a7d0, type: 3}
      propertyPath: m_LocalEulerAnglesHint.x
      value: 0
      objectReference: {fileID: 0}
    - target: {fileID: 4386357431294800052, guid: 1bad95680362ab44fa6b0f049b52a7d0, type: 3}
      propertyPath: m_LocalEulerAnglesHint.y
      value: 0
      objectReference: {fileID: 0}
    - target: {fileID: 4386357431294800052, guid: 1bad95680362ab44fa6b0f049b52a7d0, type: 3}
      propertyPath: m_LocalEulerAnglesHint.z
      value: 0
      objectReference: {fileID: 0}
    m_RemovedComponents: []
  m_SourcePrefab: {fileID: 100100000, guid: 1bad95680362ab44fa6b0f049b52a7d0, type: 3}
--- !u!4 &8084874335463749126 stripped
Transform:
  m_CorrespondingSourceObject: {fileID: 4386357431294800052, guid: 1bad95680362ab44fa6b0f049b52a7d0, type: 3}
  m_PrefabInstance: {fileID: 5542882788711433906}
  m_PrefabAsset: {fileID: 0}
--- !u!114 &5792097359613699567 stripped
MonoBehaviour:
  m_CorrespondingSourceObject: {fileID: 2057563779914605405, guid: 1bad95680362ab44fa6b0f049b52a7d0, type: 3}
  m_PrefabInstance: {fileID: 5542882788711433906}
  m_PrefabAsset: {fileID: 0}
  m_GameObject: {fileID: 0}
  m_Enabled: 1
  m_EditorHideFlags: 0
  m_Script: {fileID: 11500000, guid: e88f30513adb73141973b78f0dc1191c, type: 3}
  m_Name: 
  m_EditorClassIdentifier: 
--- !u!1001 &6547496260580700742
PrefabInstance:
  m_ObjectHideFlags: 0
  serializedVersion: 2
  m_Modification:
    m_TransformParent: {fileID: 7535765852739540000}
    m_Modifications:
    - target: {fileID: 6564126544363792684, guid: 12969565a63972c4b88bf7b808b4ff36, type: 3}
      propertyPath: m_Name
      value: addons_pathtileslong
      objectReference: {fileID: 0}
    - target: {fileID: 8774014875648855521, guid: 12969565a63972c4b88bf7b808b4ff36, type: 3}
      propertyPath: m_RootOrder
      value: 1
      objectReference: {fileID: 0}
    - target: {fileID: 8774014875648855521, guid: 12969565a63972c4b88bf7b808b4ff36, type: 3}
      propertyPath: m_LocalPosition.x
      value: 0.5300007
      objectReference: {fileID: 0}
    - target: {fileID: 8774014875648855521, guid: 12969565a63972c4b88bf7b808b4ff36, type: 3}
      propertyPath: m_LocalPosition.y
      value: -0.001
      objectReference: {fileID: 0}
    - target: {fileID: 8774014875648855521, guid: 12969565a63972c4b88bf7b808b4ff36, type: 3}
      propertyPath: m_LocalPosition.z
      value: -0.09700012
      objectReference: {fileID: 0}
    - target: {fileID: 8774014875648855521, guid: 12969565a63972c4b88bf7b808b4ff36, type: 3}
      propertyPath: m_LocalRotation.w
      value: 1
      objectReference: {fileID: 0}
    - target: {fileID: 8774014875648855521, guid: 12969565a63972c4b88bf7b808b4ff36, type: 3}
      propertyPath: m_LocalRotation.x
      value: -0
      objectReference: {fileID: 0}
    - target: {fileID: 8774014875648855521, guid: 12969565a63972c4b88bf7b808b4ff36, type: 3}
      propertyPath: m_LocalRotation.y
      value: -0
      objectReference: {fileID: 0}
    - target: {fileID: 8774014875648855521, guid: 12969565a63972c4b88bf7b808b4ff36, type: 3}
      propertyPath: m_LocalRotation.z
      value: -0
      objectReference: {fileID: 0}
    - target: {fileID: 8774014875648855521, guid: 12969565a63972c4b88bf7b808b4ff36, type: 3}
      propertyPath: m_LocalEulerAnglesHint.x
      value: 0
      objectReference: {fileID: 0}
    - target: {fileID: 8774014875648855521, guid: 12969565a63972c4b88bf7b808b4ff36, type: 3}
      propertyPath: m_LocalEulerAnglesHint.y
      value: 0
      objectReference: {fileID: 0}
    - target: {fileID: 8774014875648855521, guid: 12969565a63972c4b88bf7b808b4ff36, type: 3}
      propertyPath: m_LocalEulerAnglesHint.z
      value: 0
      objectReference: {fileID: 0}
    m_RemovedComponents: []
  m_SourcePrefab: {fileID: 100100000, guid: 12969565a63972c4b88bf7b808b4ff36, type: 3}
--- !u!4 &2530725170052038567 stripped
Transform:
  m_CorrespondingSourceObject: {fileID: 8774014875648855521, guid: 12969565a63972c4b88bf7b808b4ff36, type: 3}
  m_PrefabInstance: {fileID: 6547496260580700742}
  m_PrefabAsset: {fileID: 0}
