%YAML 1.1
%TAG !u! tag:unity3d.com,2011:
--- !u!1 &1987605113891227540
GameObject:
  m_ObjectHideFlags: 0
  m_CorrespondingSourceObject: {fileID: 0}
  m_PrefabInstance: {fileID: 0}
  m_PrefabAsset: {fileID: 0}
  serializedVersion: 6
  m_Component:
  - component: {fileID: 5392752765418611691}
  - component: {fileID: 5852730848077678507}
  m_Layer: 0
  m_Name: building_house09_south
  m_TagString: Untagged
  m_Icon: {fileID: 0}
  m_NavMeshLayer: 0
  m_StaticEditorFlags: 4294967295
  m_IsActive: 1
--- !u!4 &5392752765418611691
Transform:
  m_ObjectHideFlags: 0
  m_CorrespondingSourceObject: {fileID: 0}
  m_PrefabInstance: {fileID: 0}
  m_PrefabAsset: {fileID: 0}
  m_GameObject: {fileID: 1987605113891227540}
  m_LocalRotation: {x: -0, y: -0, z: -0, w: 1}
  m_LocalPosition: {x: 0, y: 0, z: 0}
  m_LocalScale: {x: 1, y: 1, z: 1}
  m_Children:
  - {fileID: 1062502692734713131}
  - {fileID: 1698216723031357706}
  - {fileID: 6520137441624014105}
  - {fileID: 7240439672396199184}
  m_Father: {fileID: 0}
  m_RootOrder: 0
  m_LocalEulerAnglesHint: {x: 0, y: 0, z: 0}
--- !u!114 &5852730848077678507
MonoBehaviour:
  m_ObjectHideFlags: 0
  m_CorrespondingSourceObject: {fileID: 0}
  m_PrefabInstance: {fileID: 0}
  m_PrefabAsset: {fileID: 0}
  m_GameObject: {fileID: 1987605113891227540}
  m_Enabled: 1
  m_EditorHideFlags: 0
  m_Script: {fileID: 11500000, guid: 7e7de66a74700024db828b2950cfc944, type: 3}
  m_Name: 
  m_EditorClassIdentifier: 
  sizeX: 2
  sizeY: 3
  groundDependentHolder: {fileID: 6382576419512842047}
  optionalDecorationsSets:
  - {fileID: 8642970675767689291}
  - {fileID: 281659791646356891}
  citizenEntrance: {fileID: 8857026593659533882}
  vehicleEntrance: {fileID: 0}
  citizensAmount: 4
--- !u!1 &2204149645917899256
GameObject:
  m_ObjectHideFlags: 0
  m_CorrespondingSourceObject: {fileID: 0}
  m_PrefabInstance: {fileID: 0}
  m_PrefabAsset: {fileID: 0}
  serializedVersion: 6
  m_Component:
  - component: {fileID: 7240439672396199184}
  m_Layer: 0
  m_Name: entrances
  m_TagString: Untagged
  m_Icon: {fileID: 0}
  m_NavMeshLayer: 0
  m_StaticEditorFlags: 4294967295
  m_IsActive: 1
--- !u!4 &7240439672396199184
Transform:
  m_ObjectHideFlags: 0
  m_CorrespondingSourceObject: {fileID: 0}
  m_PrefabInstance: {fileID: 0}
  m_PrefabAsset: {fileID: 0}
  m_GameObject: {fileID: 2204149645917899256}
  m_LocalRotation: {x: -0, y: -0, z: -0, w: 1}
  m_LocalPosition: {x: 0, y: 0, z: 0}
  m_LocalScale: {x: 1, y: 1, z: 1}
  m_Children:
  - {fileID: 8857026593659533882}
  m_Father: {fileID: 5392752765418611691}
  m_RootOrder: 3
  m_LocalEulerAnglesHint: {x: 0, y: 0, z: 0}
--- !u!1 &3179538673330655892
GameObject:
  m_ObjectHideFlags: 0
  m_CorrespondingSourceObject: {fileID: 0}
  m_PrefabInstance: {fileID: 0}
  m_PrefabAsset: {fileID: 0}
  serializedVersion: 6
  m_Component:
  - component: {fileID: 1062502692734713131}
  - component: {fileID: 502627956999944719}
  - component: {fileID: 5137405646385669776}
  m_Layer: 0
  m_Name: mesh
  m_TagString: Untagged
  m_Icon: {fileID: 0}
  m_NavMeshLayer: 0
  m_StaticEditorFlags: 4294967295
  m_IsActive: 1
--- !u!4 &1062502692734713131
Transform:
  m_ObjectHideFlags: 0
  m_CorrespondingSourceObject: {fileID: 0}
  m_PrefabInstance: {fileID: 0}
  m_PrefabAsset: {fileID: 0}
  m_GameObject: {fileID: 3179538673330655892}
  m_LocalRotation: {x: -0, y: -0, z: -0, w: 1}
  m_LocalPosition: {x: 0.5, y: 0, z: 0.5}
  m_LocalScale: {x: 1, y: 1, z: 1}
  m_Children: []
  m_Father: {fileID: 5392752765418611691}
  m_RootOrder: 0
  m_LocalEulerAnglesHint: {x: 0, y: 0, z: 0}
--- !u!33 &502627956999944719
MeshFilter:
  m_ObjectHideFlags: 0
  m_CorrespondingSourceObject: {fileID: 0}
  m_PrefabInstance: {fileID: 0}
  m_PrefabAsset: {fileID: 0}
  m_GameObject: {fileID: 3179538673330655892}
  m_Mesh: {fileID: -2727242734697340596, guid: b235e380b7ac6694ea451b8ca1f72387, type: 3}
--- !u!23 &5137405646385669776
MeshRenderer:
  m_ObjectHideFlags: 0
  m_CorrespondingSourceObject: {fileID: 0}
  m_PrefabInstance: {fileID: 0}
  m_PrefabAsset: {fileID: 0}
  m_GameObject: {fileID: 3179538673330655892}
  m_Enabled: 1
  m_CastShadows: 1
  m_ReceiveShadows: 1
  m_DynamicOccludee: 1
  m_MotionVectors: 1
  m_LightProbeUsage: 1
  m_ReflectionProbeUsage: 1
  m_RayTracingMode: 2
  m_RayTraceProcedural: 0
  m_RenderingLayerMask: 1
  m_RendererPriority: 0
  m_Materials:
  - {fileID: 2100000, guid: 8d1c0d3681c04c841b3d7bef621e35ee, type: 2}
  m_StaticBatchInfo:
    firstSubMesh: 0
    subMeshCount: 0
  m_StaticBatchRoot: {fileID: 0}
  m_ProbeAnchor: {fileID: 0}
  m_LightProbeVolumeOverride: {fileID: 0}
  m_ScaleInLightmap: 1
  m_ReceiveGI: 1
  m_PreserveUVs: 0
  m_IgnoreNormalsForChartDetection: 0
  m_ImportantGI: 0
  m_StitchLightmapSeams: 1
  m_SelectedEditorRenderState: 3
  m_MinimumChartSize: 4
  m_AutoUVMaxDistance: 0.5
  m_AutoUVMaxAngle: 89
  m_LightmapParameters: {fileID: 0}
  m_SortingLayerID: 0
  m_SortingLayer: 0
  m_SortingOrder: 0
  m_AdditionalVertexStreams: {fileID: 0}
--- !u!1 &6382576419512842047
GameObject:
  m_ObjectHideFlags: 0
  m_CorrespondingSourceObject: {fileID: 0}
  m_PrefabInstance: {fileID: 0}
  m_PrefabAsset: {fileID: 0}
  serializedVersion: 6
  m_Component:
  - component: {fileID: 1698216723031357706}
  m_Layer: 0
  m_Name: decorations_grounddependent
  m_TagString: Untagged
  m_Icon: {fileID: 0}
  m_NavMeshLayer: 0
  m_StaticEditorFlags: 4294967295
  m_IsActive: 1
--- !u!4 &1698216723031357706
Transform:
  m_ObjectHideFlags: 0
  m_CorrespondingSourceObject: {fileID: 0}
  m_PrefabInstance: {fileID: 0}
  m_PrefabAsset: {fileID: 0}
  m_GameObject: {fileID: 6382576419512842047}
  m_LocalRotation: {x: -0, y: -0, z: -0, w: 1}
  m_LocalPosition: {x: 0, y: 0, z: 0}
  m_LocalScale: {x: 1, y: 1, z: 1}
  m_Children:
  - {fileID: 3551934481232045821}
  - {fileID: 858977568402862331}
  m_Father: {fileID: 5392752765418611691}
  m_RootOrder: 1
  m_LocalEulerAnglesHint: {x: 0, y: 0, z: 0}
--- !u!1 &7377149477861114934
GameObject:
  m_ObjectHideFlags: 0
  m_CorrespondingSourceObject: {fileID: 0}
  m_PrefabInstance: {fileID: 0}
  m_PrefabAsset: {fileID: 0}
  serializedVersion: 6
  m_Component:
  - component: {fileID: 184409711064398872}
  - component: {fileID: 8642970675767689291}
  m_Layer: 0
  m_Name: addons_fencescollection
  m_TagString: Untagged
  m_Icon: {fileID: 0}
  m_NavMeshLayer: 0
  m_StaticEditorFlags: 4294967295
  m_IsActive: 1
--- !u!4 &184409711064398872
Transform:
  m_ObjectHideFlags: 0
  m_CorrespondingSourceObject: {fileID: 0}
  m_PrefabInstance: {fileID: 0}
  m_PrefabAsset: {fileID: 0}
  m_GameObject: {fileID: 7377149477861114934}
  m_LocalRotation: {x: -0, y: -0, z: -0, w: 1}
  m_LocalPosition: {x: 0, y: 0, z: 0}
  m_LocalScale: {x: 1, y: 1, z: 1}
  m_Children:
  - {fileID: 6552372149600633284}
  - {fileID: 70300131001890885}
  m_Father: {fileID: 6520137441624014105}
  m_RootOrder: 0
  m_LocalEulerAnglesHint: {x: 0, y: 0, z: 0}
--- !u!114 &8642970675767689291
MonoBehaviour:
  m_ObjectHideFlags: 0
  m_CorrespondingSourceObject: {fileID: 0}
  m_PrefabInstance: {fileID: 0}
  m_PrefabAsset: {fileID: 0}
  m_GameObject: {fileID: 7377149477861114934}
  m_Enabled: 1
  m_EditorHideFlags: 0
  m_Script: {fileID: 11500000, guid: df88fe1cc3e69ba4ab4481028315b972, type: 3}
  m_Name: 
  m_EditorClassIdentifier: 
  decorationSet:
  - chanceToShow: 100
    optionalDecorations:
    - {fileID: 1040490601031468278}
    - {fileID: 7650830665233248980}
--- !u!1 &7628199400237480122
GameObject:
  m_ObjectHideFlags: 0
  m_CorrespondingSourceObject: {fileID: 0}
  m_PrefabInstance: {fileID: 0}
  m_PrefabAsset: {fileID: 0}
  serializedVersion: 6
  m_Component:
  - component: {fileID: 8857026593659533882}
  m_Layer: 0
  m_Name: citizenEntrance
  m_TagString: Untagged
  m_Icon: {fileID: 0}
  m_NavMeshLayer: 0
  m_StaticEditorFlags: 4294967295
  m_IsActive: 1
--- !u!4 &8857026593659533882
Transform:
  m_ObjectHideFlags: 0
  m_CorrespondingSourceObject: {fileID: 0}
  m_PrefabInstance: {fileID: 0}
  m_PrefabAsset: {fileID: 0}
  m_GameObject: {fileID: 7628199400237480122}
  m_LocalRotation: {x: -0, y: -0, z: -0, w: 1}
  m_LocalPosition: {x: 0.5, y: 0, z: 0}
  m_LocalScale: {x: 1, y: 1, z: 1}
  m_Children: []
  m_Father: {fileID: 7240439672396199184}
  m_RootOrder: 0
  m_LocalEulerAnglesHint: {x: 0, y: 0, z: 0}
--- !u!1 &7782866219157694503
GameObject:
  m_ObjectHideFlags: 0
  m_CorrespondingSourceObject: {fileID: 0}
  m_PrefabInstance: {fileID: 0}
  m_PrefabAsset: {fileID: 0}
  serializedVersion: 6
  m_Component:
  - component: {fileID: 6520137441624014105}
  m_Layer: 0
  m_Name: decorations_random
  m_TagString: Untagged
  m_Icon: {fileID: 0}
  m_NavMeshLayer: 0
  m_StaticEditorFlags: 4294967295
  m_IsActive: 1
--- !u!4 &6520137441624014105
Transform:
  m_ObjectHideFlags: 0
  m_CorrespondingSourceObject: {fileID: 0}
  m_PrefabInstance: {fileID: 0}
  m_PrefabAsset: {fileID: 0}
  m_GameObject: {fileID: 7782866219157694503}
  m_LocalRotation: {x: -0, y: -0, z: -0, w: 1}
  m_LocalPosition: {x: 0, y: 0, z: 0}
  m_LocalScale: {x: 1, y: 1, z: 1}
  m_Children:
  - {fileID: 184409711064398872}
  - {fileID: 2574440049100383858}
  m_Father: {fileID: 5392752765418611691}
  m_RootOrder: 2
  m_LocalEulerAnglesHint: {x: 0, y: 0, z: 0}
--- !u!1001 &1227287045426211365
PrefabInstance:
  m_ObjectHideFlags: 0
  serializedVersion: 2
  m_Modification:
    m_TransformParent: {fileID: 1698216723031357706}
    m_Modifications:
    - target: {fileID: 2324757391400062168, guid: 827a0114ab9558046bd58e4b0afa1527, type: 3}
      propertyPath: m_RootOrder
      value: 0
      objectReference: {fileID: 0}
    - target: {fileID: 2324757391400062168, guid: 827a0114ab9558046bd58e4b0afa1527, type: 3}
      propertyPath: m_LocalPosition.x
      value: 0.498
      objectReference: {fileID: 0}
    - target: {fileID: 2324757391400062168, guid: 827a0114ab9558046bd58e4b0afa1527, type: 3}
      propertyPath: m_LocalPosition.y
      value: -0.001
      objectReference: {fileID: 0}
    - target: {fileID: 2324757391400062168, guid: 827a0114ab9558046bd58e4b0afa1527, type: 3}
      propertyPath: m_LocalPosition.z
      value: -0.3970003
      objectReference: {fileID: 0}
    - target: {fileID: 2324757391400062168, guid: 827a0114ab9558046bd58e4b0afa1527, type: 3}
      propertyPath: m_LocalRotation.w
      value: 1
      objectReference: {fileID: 0}
    - target: {fileID: 2324757391400062168, guid: 827a0114ab9558046bd58e4b0afa1527, type: 3}
      propertyPath: m_LocalRotation.x
      value: -0
      objectReference: {fileID: 0}
    - target: {fileID: 2324757391400062168, guid: 827a0114ab9558046bd58e4b0afa1527, type: 3}
      propertyPath: m_LocalRotation.y
      value: -0
      objectReference: {fileID: 0}
    - target: {fileID: 2324757391400062168, guid: 827a0114ab9558046bd58e4b0afa1527, type: 3}
      propertyPath: m_LocalRotation.z
      value: -0
      objectReference: {fileID: 0}
    - target: {fileID: 2324757391400062168, guid: 827a0114ab9558046bd58e4b0afa1527, type: 3}
      propertyPath: m_LocalEulerAnglesHint.x
      value: 0
      objectReference: {fileID: 0}
    - target: {fileID: 2324757391400062168, guid: 827a0114ab9558046bd58e4b0afa1527, type: 3}
      propertyPath: m_LocalEulerAnglesHint.y
      value: 0
      objectReference: {fileID: 0}
    - target: {fileID: 2324757391400062168, guid: 827a0114ab9558046bd58e4b0afa1527, type: 3}
      propertyPath: m_LocalEulerAnglesHint.z
      value: 0
      objectReference: {fileID: 0}
    - target: {fileID: 8801577291930222214, guid: 827a0114ab9558046bd58e4b0afa1527, type: 3}
      propertyPath: m_Name
      value: addons_pathtilesshort
      objectReference: {fileID: 0}
    m_RemovedComponents: []
  m_SourcePrefab: {fileID: 100100000, guid: 827a0114ab9558046bd58e4b0afa1527, type: 3}
--- !u!4 &3551934481232045821 stripped
Transform:
  m_CorrespondingSourceObject: {fileID: 2324757391400062168, guid: 827a0114ab9558046bd58e4b0afa1527, type: 3}
  m_PrefabInstance: {fileID: 1227287045426211365}
  m_PrefabAsset: {fileID: 0}
--- !u!1001 &2233933534594457268
PrefabInstance:
  m_ObjectHideFlags: 0
  serializedVersion: 2
  m_Modification:
    m_TransformParent: {fileID: 184409711064398872}
    m_Modifications:
    - target: {fileID: 1256528514950683202, guid: 437961cdafeea0f41a7f55387da9c866, type: 3}
      propertyPath: m_Name
      value: addons_fencerectangle
      objectReference: {fileID: 0}
    - target: {fileID: 5039023821249453936, guid: 437961cdafeea0f41a7f55387da9c866, type: 3}
      propertyPath: m_RootOrder
      value: 0
      objectReference: {fileID: 0}
    - target: {fileID: 5039023821249453936, guid: 437961cdafeea0f41a7f55387da9c866, type: 3}
      propertyPath: m_LocalPosition.x
      value: 0.5019989
      objectReference: {fileID: 0}
    - target: {fileID: 5039023821249453936, guid: 437961cdafeea0f41a7f55387da9c866, type: 3}
      propertyPath: m_LocalPosition.y
      value: 0
      objectReference: {fileID: 0}
    - target: {fileID: 5039023821249453936, guid: 437961cdafeea0f41a7f55387da9c866, type: 3}
      propertyPath: m_LocalPosition.z
      value: 1.0279999
      objectReference: {fileID: 0}
    - target: {fileID: 5039023821249453936, guid: 437961cdafeea0f41a7f55387da9c866, type: 3}
      propertyPath: m_LocalRotation.w
      value: 1
      objectReference: {fileID: 0}
    - target: {fileID: 5039023821249453936, guid: 437961cdafeea0f41a7f55387da9c866, type: 3}
      propertyPath: m_LocalRotation.x
      value: -0
      objectReference: {fileID: 0}
    - target: {fileID: 5039023821249453936, guid: 437961cdafeea0f41a7f55387da9c866, type: 3}
      propertyPath: m_LocalRotation.y
      value: -0
      objectReference: {fileID: 0}
    - target: {fileID: 5039023821249453936, guid: 437961cdafeea0f41a7f55387da9c866, type: 3}
      propertyPath: m_LocalRotation.z
      value: -0
      objectReference: {fileID: 0}
    - target: {fileID: 5039023821249453936, guid: 437961cdafeea0f41a7f55387da9c866, type: 3}
      propertyPath: m_LocalEulerAnglesHint.x
      value: 0
      objectReference: {fileID: 0}
    - target: {fileID: 5039023821249453936, guid: 437961cdafeea0f41a7f55387da9c866, type: 3}
      propertyPath: m_LocalEulerAnglesHint.y
      value: 0
      objectReference: {fileID: 0}
    - target: {fileID: 5039023821249453936, guid: 437961cdafeea0f41a7f55387da9c866, type: 3}
      propertyPath: m_LocalEulerAnglesHint.z
      value: 0
      objectReference: {fileID: 0}
    m_RemovedComponents: []
  m_SourcePrefab: {fileID: 100100000, guid: 437961cdafeea0f41a7f55387da9c866, type: 3}
--- !u!1 &1040490601031468278 stripped
GameObject:
  m_CorrespondingSourceObject: {fileID: 1256528514950683202, guid: 437961cdafeea0f41a7f55387da9c866, type: 3}
  m_PrefabInstance: {fileID: 2233933534594457268}
  m_PrefabAsset: {fileID: 0}
--- !u!4 &6552372149600633284 stripped
Transform:
  m_CorrespondingSourceObject: {fileID: 5039023821249453936, guid: 437961cdafeea0f41a7f55387da9c866, type: 3}
  m_PrefabInstance: {fileID: 2233933534594457268}
  m_PrefabAsset: {fileID: 0}
--- !u!1001 &2233933535402773858
PrefabInstance:
  m_ObjectHideFlags: 0
  serializedVersion: 2
  m_Modification:
    m_TransformParent: {fileID: 184409711064398872}
    m_Modifications:
    - target: {fileID: 2303950948034426151, guid: e0531f96bbabf0040af2ebb20b237cd8, type: 3}
      propertyPath: m_RootOrder
      value: 1
      objectReference: {fileID: 0}
    - target: {fileID: 2303950948034426151, guid: e0531f96bbabf0040af2ebb20b237cd8, type: 3}
      propertyPath: m_LocalPosition.x
      value: 0.5039997
      objectReference: {fileID: 0}
    - target: {fileID: 2303950948034426151, guid: e0531f96bbabf0040af2ebb20b237cd8, type: 3}
      propertyPath: m_LocalPosition.y
      value: 0
      objectReference: {fileID: 0}
    - target: {fileID: 2303950948034426151, guid: e0531f96bbabf0040af2ebb20b237cd8, type: 3}
      propertyPath: m_LocalPosition.z
      value: 1.4630003
      objectReference: {fileID: 0}
    - target: {fileID: 2303950948034426151, guid: e0531f96bbabf0040af2ebb20b237cd8, type: 3}
      propertyPath: m_LocalRotation.w
      value: 1
      objectReference: {fileID: 0}
    - target: {fileID: 2303950948034426151, guid: e0531f96bbabf0040af2ebb20b237cd8, type: 3}
      propertyPath: m_LocalRotation.x
      value: -0
      objectReference: {fileID: 0}
    - target: {fileID: 2303950948034426151, guid: e0531f96bbabf0040af2ebb20b237cd8, type: 3}
      propertyPath: m_LocalRotation.y
      value: -0
      objectReference: {fileID: 0}
    - target: {fileID: 2303950948034426151, guid: e0531f96bbabf0040af2ebb20b237cd8, type: 3}
      propertyPath: m_LocalRotation.z
      value: -0
      objectReference: {fileID: 0}
    - target: {fileID: 2303950948034426151, guid: e0531f96bbabf0040af2ebb20b237cd8, type: 3}
      propertyPath: m_LocalEulerAnglesHint.x
      value: 0
      objectReference: {fileID: 0}
    - target: {fileID: 2303950948034426151, guid: e0531f96bbabf0040af2ebb20b237cd8, type: 3}
      propertyPath: m_LocalEulerAnglesHint.y
      value: 0
      objectReference: {fileID: 0}
    - target: {fileID: 2303950948034426151, guid: e0531f96bbabf0040af2ebb20b237cd8, type: 3}
      propertyPath: m_LocalEulerAnglesHint.z
      value: 0
      objectReference: {fileID: 0}
    - target: {fileID: 8443601975264116662, guid: e0531f96bbabf0040af2ebb20b237cd8, type: 3}
      propertyPath: m_Name
      value: addons_fencelarge
      objectReference: {fileID: 0}
    m_RemovedComponents: []
  m_SourcePrefab: {fileID: 100100000, guid: e0531f96bbabf0040af2ebb20b237cd8, type: 3}
--- !u!1 &7650830665233248980 stripped
GameObject:
  m_CorrespondingSourceObject: {fileID: 8443601975264116662, guid: e0531f96bbabf0040af2ebb20b237cd8, type: 3}
  m_PrefabInstance: {fileID: 2233933535402773858}
  m_PrefabAsset: {fileID: 0}
--- !u!4 &70300131001890885 stripped
Transform:
  m_CorrespondingSourceObject: {fileID: 2303950948034426151, guid: e0531f96bbabf0040af2ebb20b237cd8, type: 3}
  m_PrefabInstance: {fileID: 2233933535402773858}
  m_PrefabAsset: {fileID: 0}
--- !u!1001 &2262292786681370310
PrefabInstance:
  m_ObjectHideFlags: 0
  serializedVersion: 2
  m_Modification:
    m_TransformParent: {fileID: 6520137441624014105}
    m_Modifications:
    - target: {fileID: 2946174968828909278, guid: 1bad95680362ab44fa6b0f049b52a7d0, type: 3}
      propertyPath: m_Name
      value: addons_housetreescollection
      objectReference: {fileID: 0}
    - target: {fileID: 4386357431294800052, guid: 1bad95680362ab44fa6b0f049b52a7d0, type: 3}
      propertyPath: m_RootOrder
      value: 1
      objectReference: {fileID: 0}
    - target: {fileID: 4386357431294800052, guid: 1bad95680362ab44fa6b0f049b52a7d0, type: 3}
      propertyPath: m_LocalPosition.x
      value: 0.14699936
      objectReference: {fileID: 0}
    - target: {fileID: 4386357431294800052, guid: 1bad95680362ab44fa6b0f049b52a7d0, type: 3}
      propertyPath: m_LocalPosition.y
      value: 0
      objectReference: {fileID: 0}
    - target: {fileID: 4386357431294800052, guid: 1bad95680362ab44fa6b0f049b52a7d0, type: 3}
      propertyPath: m_LocalPosition.z
      value: 1.8540001
      objectReference: {fileID: 0}
    - target: {fileID: 4386357431294800052, guid: 1bad95680362ab44fa6b0f049b52a7d0, type: 3}
      propertyPath: m_LocalRotation.w
      value: 1
      objectReference: {fileID: 0}
    - target: {fileID: 4386357431294800052, guid: 1bad95680362ab44fa6b0f049b52a7d0, type: 3}
      propertyPath: m_LocalRotation.x
      value: -0
      objectReference: {fileID: 0}
    - target: {fileID: 4386357431294800052, guid: 1bad95680362ab44fa6b0f049b52a7d0, type: 3}
      propertyPath: m_LocalRotation.y
      value: -0
      objectReference: {fileID: 0}
    - target: {fileID: 4386357431294800052, guid: 1bad95680362ab44fa6b0f049b52a7d0, type: 3}
      propertyPath: m_LocalRotation.z
      value: -0
      objectReference: {fileID: 0}
    - target: {fileID: 4386357431294800052, guid: 1bad95680362ab44fa6b0f049b52a7d0, type: 3}
      propertyPath: m_LocalEulerAnglesHint.x
      value: 0
      objectReference: {fileID: 0}
    - target: {fileID: 4386357431294800052, guid: 1bad95680362ab44fa6b0f049b52a7d0, type: 3}
      propertyPath: m_LocalEulerAnglesHint.y
      value: 0
      objectReference: {fileID: 0}
    - target: {fileID: 4386357431294800052, guid: 1bad95680362ab44fa6b0f049b52a7d0, type: 3}
      propertyPath: m_LocalEulerAnglesHint.z
      value: 0
      objectReference: {fileID: 0}
    m_RemovedComponents: []
  m_SourcePrefab: {fileID: 100100000, guid: 1bad95680362ab44fa6b0f049b52a7d0, type: 3}
--- !u!4 &2574440049100383858 stripped
Transform:
  m_CorrespondingSourceObject: {fileID: 4386357431294800052, guid: 1bad95680362ab44fa6b0f049b52a7d0, type: 3}
  m_PrefabInstance: {fileID: 2262292786681370310}
  m_PrefabAsset: {fileID: 0}
--- !u!114 &281659791646356891 stripped
MonoBehaviour:
  m_CorrespondingSourceObject: {fileID: 2057563779914605405, guid: 1bad95680362ab44fa6b0f049b52a7d0, type: 3}
  m_PrefabInstance: {fileID: 2262292786681370310}
  m_PrefabAsset: {fileID: 0}
  m_GameObject: {fileID: 0}
  m_Enabled: 1
  m_EditorHideFlags: 0
  m_Script: {fileID: 11500000, guid: e88f30513adb73141973b78f0dc1191c, type: 3}
  m_Name: 
  m_EditorClassIdentifier: 
--- !u!1001 &8225863781308529946
PrefabInstance:
  m_ObjectHideFlags: 0
  serializedVersion: 2
  m_Modification:
    m_TransformParent: {fileID: 1698216723031357706}
    m_Modifications:
    - target: {fileID: 6564126544363792684, guid: 12969565a63972c4b88bf7b808b4ff36, type: 3}
      propertyPath: m_Name
      value: addons_pathtileslong
      objectReference: {fileID: 0}
    - target: {fileID: 8774014875648855521, guid: 12969565a63972c4b88bf7b808b4ff36, type: 3}
      propertyPath: m_RootOrder
      value: 1
      objectReference: {fileID: 0}
    - target: {fileID: 8774014875648855521, guid: 12969565a63972c4b88bf7b808b4ff36, type: 3}
      propertyPath: m_LocalPosition.x
      value: 0.498
      objectReference: {fileID: 0}
    - target: {fileID: 8774014875648855521, guid: 12969565a63972c4b88bf7b808b4ff36, type: 3}
      propertyPath: m_LocalPosition.y
      value: -0.001
      objectReference: {fileID: 0}
    - target: {fileID: 8774014875648855521, guid: 12969565a63972c4b88bf7b808b4ff36, type: 3}
      propertyPath: m_LocalPosition.z
      value: -0.09700012
      objectReference: {fileID: 0}
    - target: {fileID: 8774014875648855521, guid: 12969565a63972c4b88bf7b808b4ff36, type: 3}
      propertyPath: m_LocalRotation.w
      value: 1
      objectReference: {fileID: 0}
    - target: {fileID: 8774014875648855521, guid: 12969565a63972c4b88bf7b808b4ff36, type: 3}
      propertyPath: m_LocalRotation.x
      value: -0
      objectReference: {fileID: 0}
    - target: {fileID: 8774014875648855521, guid: 12969565a63972c4b88bf7b808b4ff36, type: 3}
      propertyPath: m_LocalRotation.y
      value: -0
      objectReference: {fileID: 0}
    - target: {fileID: 8774014875648855521, guid: 12969565a63972c4b88bf7b808b4ff36, type: 3}
      propertyPath: m_LocalRotation.z
      value: -0
      objectReference: {fileID: 0}
    - target: {fileID: 8774014875648855521, guid: 12969565a63972c4b88bf7b808b4ff36, type: 3}
      propertyPath: m_LocalEulerAnglesHint.x
      value: 0
      objectReference: {fileID: 0}
    - target: {fileID: 8774014875648855521, guid: 12969565a63972c4b88bf7b808b4ff36, type: 3}
      propertyPath: m_LocalEulerAnglesHint.y
      value: 0
      objectReference: {fileID: 0}
    - target: {fileID: 8774014875648855521, guid: 12969565a63972c4b88bf7b808b4ff36, type: 3}
      propertyPath: m_LocalEulerAnglesHint.z
      value: 0
      objectReference: {fileID: 0}
    m_RemovedComponents: []
  m_SourcePrefab: {fileID: 100100000, guid: 12969565a63972c4b88bf7b808b4ff36, type: 3}
--- !u!4 &858977568402862331 stripped
Transform:
  m_CorrespondingSourceObject: {fileID: 8774014875648855521, guid: 12969565a63972c4b88bf7b808b4ff36, type: 3}
  m_PrefabInstance: {fileID: 8225863781308529946}
  m_PrefabAsset: {fileID: 0}
