%YAML 1.1
%TAG !u! tag:unity3d.com,2011:
--- !u!1 &313092371071058396
GameObject:
  m_ObjectHideFlags: 0
  m_CorrespondingSourceObject: {fileID: 0}
  m_PrefabInstance: {fileID: 0}
  m_PrefabAsset: {fileID: 0}
  serializedVersion: 6
  m_Component:
  - component: {fileID: 790221639441502947}
  - component: {fileID: 2504359868070128787}
  m_Layer: 0
  m_Name: addons_fencescollection
  m_TagString: Untagged
  m_Icon: {fileID: 0}
  m_NavMeshLayer: 0
  m_StaticEditorFlags: 4294967295
  m_IsActive: 1
--- !u!4 &790221639441502947
Transform:
  m_ObjectHideFlags: 0
  m_CorrespondingSourceObject: {fileID: 0}
  m_PrefabInstance: {fileID: 0}
  m_PrefabAsset: {fileID: 0}
  m_GameObject: {fileID: 313092371071058396}
  m_LocalRotation: {x: -0, y: -0, z: -0, w: 1}
  m_LocalPosition: {x: 0, y: 0, z: 0}
  m_LocalScale: {x: 1, y: 1, z: 1}
  m_Children:
  - {fileID: 2667868658335192769}
  - {fileID: 9156203082643294469}
  m_Father: {fileID: 92295788799622547}
  m_RootOrder: 0
  m_LocalEulerAnglesHint: {x: 0, y: 0, z: 0}
--- !u!114 &2504359868070128787
MonoBehaviour:
  m_ObjectHideFlags: 0
  m_CorrespondingSourceObject: {fileID: 0}
  m_PrefabInstance: {fileID: 0}
  m_PrefabAsset: {fileID: 0}
  m_GameObject: {fileID: 313092371071058396}
  m_Enabled: 1
  m_EditorHideFlags: 0
  m_Script: {fileID: 11500000, guid: df88fe1cc3e69ba4ab4481028315b972, type: 3}
  m_Name: 
  m_EditorClassIdentifier: 
  decorationSet:
  - chanceToShow: 100
    optionalDecorations:
    - {fileID: 8185308925763081203}
    - {fileID: 1568847364530701204}
--- !u!1 &2125399703962635539
GameObject:
  m_ObjectHideFlags: 0
  m_CorrespondingSourceObject: {fileID: 0}
  m_PrefabInstance: {fileID: 0}
  m_PrefabAsset: {fileID: 0}
  serializedVersion: 6
  m_Component:
  - component: {fileID: 9222564897865443808}
  - component: {fileID: 2678347697986746345}
  - component: {fileID: 7284750546732587500}
  m_Layer: 0
  m_Name: mesh
  m_TagString: Untagged
  m_Icon: {fileID: 0}
  m_NavMeshLayer: 0
  m_StaticEditorFlags: 4294967295
  m_IsActive: 1
--- !u!4 &9222564897865443808
Transform:
  m_ObjectHideFlags: 0
  m_CorrespondingSourceObject: {fileID: 0}
  m_PrefabInstance: {fileID: 0}
  m_PrefabAsset: {fileID: 0}
  m_GameObject: {fileID: 2125399703962635539}
  m_LocalRotation: {x: -0, y: -0, z: -0, w: 1}
  m_LocalPosition: {x: 0.47, y: 0, z: 0.3}
  m_LocalScale: {x: 1, y: 1, z: 1}
  m_Children: []
  m_Father: {fileID: 8465307287756235326}
  m_RootOrder: 0
  m_LocalEulerAnglesHint: {x: 0, y: 0, z: 0}
--- !u!33 &2678347697986746345
MeshFilter:
  m_ObjectHideFlags: 0
  m_CorrespondingSourceObject: {fileID: 0}
  m_PrefabInstance: {fileID: 0}
  m_PrefabAsset: {fileID: 0}
  m_GameObject: {fileID: 2125399703962635539}
  m_Mesh: {fileID: -6445713987585115133, guid: d6197023e91ca0949bc3c3d9ebbc0f48, type: 3}
--- !u!23 &7284750546732587500
MeshRenderer:
  m_ObjectHideFlags: 0
  m_CorrespondingSourceObject: {fileID: 0}
  m_PrefabInstance: {fileID: 0}
  m_PrefabAsset: {fileID: 0}
  m_GameObject: {fileID: 2125399703962635539}
  m_Enabled: 1
  m_CastShadows: 1
  m_ReceiveShadows: 1
  m_DynamicOccludee: 1
  m_MotionVectors: 1
  m_LightProbeUsage: 1
  m_ReflectionProbeUsage: 1
  m_RayTracingMode: 2
  m_RayTraceProcedural: 0
  m_RenderingLayerMask: 1
  m_RendererPriority: 0
  m_Materials:
  - {fileID: 2100000, guid: 8d1c0d3681c04c841b3d7bef621e35ee, type: 2}
  m_StaticBatchInfo:
    firstSubMesh: 0
    subMeshCount: 0
  m_StaticBatchRoot: {fileID: 0}
  m_ProbeAnchor: {fileID: 0}
  m_LightProbeVolumeOverride: {fileID: 0}
  m_ScaleInLightmap: 1
  m_ReceiveGI: 1
  m_PreserveUVs: 0
  m_IgnoreNormalsForChartDetection: 0
  m_ImportantGI: 0
  m_StitchLightmapSeams: 1
  m_SelectedEditorRenderState: 3
  m_MinimumChartSize: 4
  m_AutoUVMaxDistance: 0.5
  m_AutoUVMaxAngle: 89
  m_LightmapParameters: {fileID: 0}
  m_SortingLayerID: 0
  m_SortingLayer: 0
  m_SortingOrder: 0
  m_AdditionalVertexStreams: {fileID: 0}
--- !u!1 &2186242463952108342
GameObject:
  m_ObjectHideFlags: 0
  m_CorrespondingSourceObject: {fileID: 0}
  m_PrefabInstance: {fileID: 0}
  m_PrefabAsset: {fileID: 0}
  serializedVersion: 6
  m_Component:
  - component: {fileID: 92295788799622547}
  m_Layer: 0
  m_Name: decorations_random
  m_TagString: Untagged
  m_Icon: {fileID: 0}
  m_NavMeshLayer: 0
  m_StaticEditorFlags: 4294967295
  m_IsActive: 1
--- !u!4 &92295788799622547
Transform:
  m_ObjectHideFlags: 0
  m_CorrespondingSourceObject: {fileID: 0}
  m_PrefabInstance: {fileID: 0}
  m_PrefabAsset: {fileID: 0}
  m_GameObject: {fileID: 2186242463952108342}
  m_LocalRotation: {x: -0, y: -0, z: -0, w: 1}
  m_LocalPosition: {x: 1.336148, y: 0.70892525, z: 0.7204714}
  m_LocalScale: {x: 1, y: 1, z: 1}
  m_Children:
  - {fileID: 790221639441502947}
  - {fileID: 1048739291023482515}
  m_Father: {fileID: 8465307287756235326}
  m_RootOrder: 2
  m_LocalEulerAnglesHint: {x: 0, y: 0, z: 0}
--- !u!1 &3908149954576425751
GameObject:
  m_ObjectHideFlags: 0
  m_CorrespondingSourceObject: {fileID: 0}
  m_PrefabInstance: {fileID: 0}
  m_PrefabAsset: {fileID: 0}
  serializedVersion: 6
  m_Component:
  - component: {fileID: 6505841443493682738}
  m_Layer: 0
  m_Name: decorations_grounddependent
  m_TagString: Untagged
  m_Icon: {fileID: 0}
  m_NavMeshLayer: 0
  m_StaticEditorFlags: 4294967295
  m_IsActive: 1
--- !u!4 &6505841443493682738
Transform:
  m_ObjectHideFlags: 0
  m_CorrespondingSourceObject: {fileID: 0}
  m_PrefabInstance: {fileID: 0}
  m_PrefabAsset: {fileID: 0}
  m_GameObject: {fileID: 3908149954576425751}
  m_LocalRotation: {x: -0, y: -0, z: -0, w: 1}
  m_LocalPosition: {x: 1.336148, y: 0.70892525, z: 0.7204714}
  m_LocalScale: {x: 1, y: 1, z: 1}
  m_Children:
  - {fileID: 7331292205598211899}
  - {fileID: 1217436739844916405}
  - {fileID: 7373655904577606372}
  m_Father: {fileID: 8465307287756235326}
  m_RootOrder: 1
  m_LocalEulerAnglesHint: {x: 0, y: 0, z: 0}
--- !u!1 &4799109551032297860
GameObject:
  m_ObjectHideFlags: 0
  m_CorrespondingSourceObject: {fileID: 0}
  m_PrefabInstance: {fileID: 0}
  m_PrefabAsset: {fileID: 0}
  serializedVersion: 6
  m_Component:
  - component: {fileID: 2180332255604765328}
  m_Layer: 0
  m_Name: citizenEntrance
  m_TagString: Untagged
  m_Icon: {fileID: 0}
  m_NavMeshLayer: 0
  m_StaticEditorFlags: 4294967295
  m_IsActive: 1
--- !u!4 &2180332255604765328
Transform:
  m_ObjectHideFlags: 0
  m_CorrespondingSourceObject: {fileID: 0}
  m_PrefabInstance: {fileID: 0}
  m_PrefabAsset: {fileID: 0}
  m_GameObject: {fileID: 4799109551032297860}
  m_LocalRotation: {x: -0, y: -0, z: -0, w: 1}
  m_LocalPosition: {x: 0.454, y: 0, z: -0.361}
  m_LocalScale: {x: 1, y: 1, z: 1}
  m_Children: []
  m_Father: {fileID: 7055046320659540889}
  m_RootOrder: 0
  m_LocalEulerAnglesHint: {x: 0, y: 0, z: 0}
--- !u!1 &6724833934019886781
GameObject:
  m_ObjectHideFlags: 0
  m_CorrespondingSourceObject: {fileID: 0}
  m_PrefabInstance: {fileID: 0}
  m_PrefabAsset: {fileID: 0}
  serializedVersion: 6
  m_Component:
  - component: {fileID: 8465307287756235326}
  - component: {fileID: 5913513162328613446}
  m_Layer: 0
  m_Name: building_house05_south
  m_TagString: Untagged
  m_Icon: {fileID: 0}
  m_NavMeshLayer: 0
  m_StaticEditorFlags: 4294967295
  m_IsActive: 1
--- !u!4 &8465307287756235326
Transform:
  m_ObjectHideFlags: 0
  m_CorrespondingSourceObject: {fileID: 0}
  m_PrefabInstance: {fileID: 0}
  m_PrefabAsset: {fileID: 0}
  m_GameObject: {fileID: 6724833934019886781}
  m_LocalRotation: {x: -0, y: -0, z: -0, w: 1}
  m_LocalPosition: {x: 0, y: 0, z: 0}
  m_LocalScale: {x: 1, y: 1, z: 1}
  m_Children:
  - {fileID: 9222564897865443808}
  - {fileID: 6505841443493682738}
  - {fileID: 92295788799622547}
  - {fileID: 7055046320659540889}
  m_Father: {fileID: 0}
  m_RootOrder: 0
  m_LocalEulerAnglesHint: {x: 0, y: 0, z: 0}
--- !u!114 &5913513162328613446
MonoBehaviour:
  m_ObjectHideFlags: 0
  m_CorrespondingSourceObject: {fileID: 0}
  m_PrefabInstance: {fileID: 0}
  m_PrefabAsset: {fileID: 0}
  m_GameObject: {fileID: 6724833934019886781}
  m_Enabled: 1
  m_EditorHideFlags: 0
  m_Script: {fileID: 11500000, guid: 7e7de66a74700024db828b2950cfc944, type: 3}
  m_Name: 
  m_EditorClassIdentifier: 
  sizeX: 2
  sizeY: 3
  groundDependentHolder: {fileID: 3908149954576425751}
  optionalDecorationsSets:
  - {fileID: 2504359868070128787}
  - {fileID: 3377498884062219642}
  citizenEntrance: {fileID: 2180332255604765328}
  vehicleEntrance: {fileID: 9037186527977260299}
  citizensAmount: 4
--- !u!1 &8096699238735967193
GameObject:
  m_ObjectHideFlags: 0
  m_CorrespondingSourceObject: {fileID: 0}
  m_PrefabInstance: {fileID: 0}
  m_PrefabAsset: {fileID: 0}
  serializedVersion: 6
  m_Component:
  - component: {fileID: 7055046320659540889}
  m_Layer: 0
  m_Name: entrances
  m_TagString: Untagged
  m_Icon: {fileID: 0}
  m_NavMeshLayer: 0
  m_StaticEditorFlags: 4294967295
  m_IsActive: 1
--- !u!4 &7055046320659540889
Transform:
  m_ObjectHideFlags: 0
  m_CorrespondingSourceObject: {fileID: 0}
  m_PrefabInstance: {fileID: 0}
  m_PrefabAsset: {fileID: 0}
  m_GameObject: {fileID: 8096699238735967193}
  m_LocalRotation: {x: -0, y: -0, z: -0, w: 1}
  m_LocalPosition: {x: 0, y: 0, z: 0}
  m_LocalScale: {x: 1, y: 1, z: 1}
  m_Children:
  - {fileID: 2180332255604765328}
  - {fileID: 9037186527977260299}
  m_Father: {fileID: 8465307287756235326}
  m_RootOrder: 3
  m_LocalEulerAnglesHint: {x: 0, y: 0, z: 0}
--- !u!1 &9211537054551443602
GameObject:
  m_ObjectHideFlags: 0
  m_CorrespondingSourceObject: {fileID: 0}
  m_PrefabInstance: {fileID: 0}
  m_PrefabAsset: {fileID: 0}
  serializedVersion: 6
  m_Component:
  - component: {fileID: 9037186527977260299}
  m_Layer: 0
  m_Name: vehicleEntrance
  m_TagString: Untagged
  m_Icon: {fileID: 0}
  m_NavMeshLayer: 0
  m_StaticEditorFlags: 4294967295
  m_IsActive: 1
--- !u!4 &9037186527977260299
Transform:
  m_ObjectHideFlags: 0
  m_CorrespondingSourceObject: {fileID: 0}
  m_PrefabInstance: {fileID: 0}
  m_PrefabAsset: {fileID: 0}
  m_GameObject: {fileID: 9211537054551443602}
  m_LocalRotation: {x: -0, y: -0, z: -0, w: 1}
  m_LocalPosition: {x: 0.87, y: 0, z: -0.25}
  m_LocalScale: {x: 1, y: 1, z: 1}
  m_Children: []
  m_Father: {fileID: 7055046320659540889}
  m_RootOrder: 1
  m_LocalEulerAnglesHint: {x: 0, y: 0, z: 0}
--- !u!1001 &3626143221015096871
PrefabInstance:
  m_ObjectHideFlags: 0
  serializedVersion: 2
  m_Modification:
    m_TransformParent: {fileID: 92295788799622547}
    m_Modifications:
    - target: {fileID: 2946174968828909278, guid: 1bad95680362ab44fa6b0f049b52a7d0, type: 3}
      propertyPath: m_Name
      value: addons_housetreescollection
      objectReference: {fileID: 0}
    - target: {fileID: 4386357431294800052, guid: 1bad95680362ab44fa6b0f049b52a7d0, type: 3}
      propertyPath: m_RootOrder
      value: 1
      objectReference: {fileID: 0}
    - target: {fileID: 4386357431294800052, guid: 1bad95680362ab44fa6b0f049b52a7d0, type: 3}
      propertyPath: m_LocalPosition.x
      value: -1.204148
      objectReference: {fileID: 0}
    - target: {fileID: 4386357431294800052, guid: 1bad95680362ab44fa6b0f049b52a7d0, type: 3}
      propertyPath: m_LocalPosition.y
      value: -0.70892525
      objectReference: {fileID: 0}
    - target: {fileID: 4386357431294800052, guid: 1bad95680362ab44fa6b0f049b52a7d0, type: 3}
      propertyPath: m_LocalPosition.z
      value: 1.1335287
      objectReference: {fileID: 0}
    - target: {fileID: 4386357431294800052, guid: 1bad95680362ab44fa6b0f049b52a7d0, type: 3}
      propertyPath: m_LocalRotation.w
      value: 1
      objectReference: {fileID: 0}
    - target: {fileID: 4386357431294800052, guid: 1bad95680362ab44fa6b0f049b52a7d0, type: 3}
      propertyPath: m_LocalRotation.x
      value: -0
      objectReference: {fileID: 0}
    - target: {fileID: 4386357431294800052, guid: 1bad95680362ab44fa6b0f049b52a7d0, type: 3}
      propertyPath: m_LocalRotation.y
      value: -0
      objectReference: {fileID: 0}
    - target: {fileID: 4386357431294800052, guid: 1bad95680362ab44fa6b0f049b52a7d0, type: 3}
      propertyPath: m_LocalRotation.z
      value: -0
      objectReference: {fileID: 0}
    - target: {fileID: 4386357431294800052, guid: 1bad95680362ab44fa6b0f049b52a7d0, type: 3}
      propertyPath: m_LocalEulerAnglesHint.x
      value: 0
      objectReference: {fileID: 0}
    - target: {fileID: 4386357431294800052, guid: 1bad95680362ab44fa6b0f049b52a7d0, type: 3}
      propertyPath: m_LocalEulerAnglesHint.y
      value: 0
      objectReference: {fileID: 0}
    - target: {fileID: 4386357431294800052, guid: 1bad95680362ab44fa6b0f049b52a7d0, type: 3}
      propertyPath: m_LocalEulerAnglesHint.z
      value: 0
      objectReference: {fileID: 0}
    m_RemovedComponents: []
  m_SourcePrefab: {fileID: 100100000, guid: 1bad95680362ab44fa6b0f049b52a7d0, type: 3}
--- !u!4 &1048739291023482515 stripped
Transform:
  m_CorrespondingSourceObject: {fileID: 4386357431294800052, guid: 1bad95680362ab44fa6b0f049b52a7d0, type: 3}
  m_PrefabInstance: {fileID: 3626143221015096871}
  m_PrefabAsset: {fileID: 0}
--- !u!114 &3377498884062219642 stripped
MonoBehaviour:
  m_CorrespondingSourceObject: {fileID: 2057563779914605405, guid: 1bad95680362ab44fa6b0f049b52a7d0, type: 3}
  m_PrefabInstance: {fileID: 3626143221015096871}
  m_PrefabAsset: {fileID: 0}
  m_GameObject: {fileID: 0}
  m_Enabled: 1
  m_EditorHideFlags: 0
  m_Script: {fileID: 11500000, guid: e88f30513adb73141973b78f0dc1191c, type: 3}
  m_Name: 
  m_EditorClassIdentifier: 
--- !u!1001 &5050591808565943868
PrefabInstance:
  m_ObjectHideFlags: 0
  serializedVersion: 2
  m_Modification:
    m_TransformParent: {fileID: 6505841443493682738}
    m_Modifications:
    - target: {fileID: 2324757391400062168, guid: 827a0114ab9558046bd58e4b0afa1527, type: 3}
      propertyPath: m_RootOrder
      value: 2
      objectReference: {fileID: 0}
    - target: {fileID: 2324757391400062168, guid: 827a0114ab9558046bd58e4b0afa1527, type: 3}
      propertyPath: m_LocalPosition.x
      value: -0.869148
      objectReference: {fileID: 0}
    - target: {fileID: 2324757391400062168, guid: 827a0114ab9558046bd58e4b0afa1527, type: 3}
      propertyPath: m_LocalPosition.y
      value: -0.70992523
      objectReference: {fileID: 0}
    - target: {fileID: 2324757391400062168, guid: 827a0114ab9558046bd58e4b0afa1527, type: 3}
      propertyPath: m_LocalPosition.z
      value: -1.1174717
      objectReference: {fileID: 0}
    - target: {fileID: 2324757391400062168, guid: 827a0114ab9558046bd58e4b0afa1527, type: 3}
      propertyPath: m_LocalRotation.w
      value: 1
      objectReference: {fileID: 0}
    - target: {fileID: 2324757391400062168, guid: 827a0114ab9558046bd58e4b0afa1527, type: 3}
      propertyPath: m_LocalRotation.x
      value: -0
      objectReference: {fileID: 0}
    - target: {fileID: 2324757391400062168, guid: 827a0114ab9558046bd58e4b0afa1527, type: 3}
      propertyPath: m_LocalRotation.y
      value: -0
      objectReference: {fileID: 0}
    - target: {fileID: 2324757391400062168, guid: 827a0114ab9558046bd58e4b0afa1527, type: 3}
      propertyPath: m_LocalRotation.z
      value: -0
      objectReference: {fileID: 0}
    - target: {fileID: 2324757391400062168, guid: 827a0114ab9558046bd58e4b0afa1527, type: 3}
      propertyPath: m_LocalEulerAnglesHint.x
      value: 0
      objectReference: {fileID: 0}
    - target: {fileID: 2324757391400062168, guid: 827a0114ab9558046bd58e4b0afa1527, type: 3}
      propertyPath: m_LocalEulerAnglesHint.y
      value: 0
      objectReference: {fileID: 0}
    - target: {fileID: 2324757391400062168, guid: 827a0114ab9558046bd58e4b0afa1527, type: 3}
      propertyPath: m_LocalEulerAnglesHint.z
      value: 0
      objectReference: {fileID: 0}
    - target: {fileID: 8801577291930222214, guid: 827a0114ab9558046bd58e4b0afa1527, type: 3}
      propertyPath: m_Name
      value: addons_pathtilesshort
      objectReference: {fileID: 0}
    m_RemovedComponents: []
  m_SourcePrefab: {fileID: 100100000, guid: 827a0114ab9558046bd58e4b0afa1527, type: 3}
--- !u!4 &7373655904577606372 stripped
Transform:
  m_CorrespondingSourceObject: {fileID: 2324757391400062168, guid: 827a0114ab9558046bd58e4b0afa1527, type: 3}
  m_PrefabInstance: {fileID: 5050591808565943868}
  m_PrefabAsset: {fileID: 0}
--- !u!1001 &6982858843270052898
PrefabInstance:
  m_ObjectHideFlags: 0
  serializedVersion: 2
  m_Modification:
    m_TransformParent: {fileID: 790221639441502947}
    m_Modifications:
    - target: {fileID: 2303950948034426151, guid: e0531f96bbabf0040af2ebb20b237cd8, type: 3}
      propertyPath: m_RootOrder
      value: 1
      objectReference: {fileID: 0}
    - target: {fileID: 2303950948034426151, guid: e0531f96bbabf0040af2ebb20b237cd8, type: 3}
      propertyPath: m_LocalPosition.x
      value: -0.86314845
      objectReference: {fileID: 0}
    - target: {fileID: 2303950948034426151, guid: e0531f96bbabf0040af2ebb20b237cd8, type: 3}
      propertyPath: m_LocalPosition.y
      value: -0.70892525
      objectReference: {fileID: 0}
    - target: {fileID: 2303950948034426151, guid: e0531f96bbabf0040af2ebb20b237cd8, type: 3}
      propertyPath: m_LocalPosition.z
      value: 0.7425289
      objectReference: {fileID: 0}
    - target: {fileID: 2303950948034426151, guid: e0531f96bbabf0040af2ebb20b237cd8, type: 3}
      propertyPath: m_LocalRotation.w
      value: 1
      objectReference: {fileID: 0}
    - target: {fileID: 2303950948034426151, guid: e0531f96bbabf0040af2ebb20b237cd8, type: 3}
      propertyPath: m_LocalRotation.x
      value: -0
      objectReference: {fileID: 0}
    - target: {fileID: 2303950948034426151, guid: e0531f96bbabf0040af2ebb20b237cd8, type: 3}
      propertyPath: m_LocalRotation.y
      value: -0
      objectReference: {fileID: 0}
    - target: {fileID: 2303950948034426151, guid: e0531f96bbabf0040af2ebb20b237cd8, type: 3}
      propertyPath: m_LocalRotation.z
      value: -0
      objectReference: {fileID: 0}
    - target: {fileID: 2303950948034426151, guid: e0531f96bbabf0040af2ebb20b237cd8, type: 3}
      propertyPath: m_LocalEulerAnglesHint.x
      value: 0
      objectReference: {fileID: 0}
    - target: {fileID: 2303950948034426151, guid: e0531f96bbabf0040af2ebb20b237cd8, type: 3}
      propertyPath: m_LocalEulerAnglesHint.y
      value: 0
      objectReference: {fileID: 0}
    - target: {fileID: 2303950948034426151, guid: e0531f96bbabf0040af2ebb20b237cd8, type: 3}
      propertyPath: m_LocalEulerAnglesHint.z
      value: 0
      objectReference: {fileID: 0}
    - target: {fileID: 8443601975264116662, guid: e0531f96bbabf0040af2ebb20b237cd8, type: 3}
      propertyPath: m_Name
      value: addons_fencelarge
      objectReference: {fileID: 0}
    m_RemovedComponents: []
  m_SourcePrefab: {fileID: 100100000, guid: e0531f96bbabf0040af2ebb20b237cd8, type: 3}
--- !u!1 &1568847364530701204 stripped
GameObject:
  m_CorrespondingSourceObject: {fileID: 8443601975264116662, guid: e0531f96bbabf0040af2ebb20b237cd8, type: 3}
  m_PrefabInstance: {fileID: 6982858843270052898}
  m_PrefabAsset: {fileID: 0}
--- !u!4 &9156203082643294469 stripped
Transform:
  m_CorrespondingSourceObject: {fileID: 2303950948034426151, guid: e0531f96bbabf0040af2ebb20b237cd8, type: 3}
  m_PrefabInstance: {fileID: 6982858843270052898}
  m_PrefabAsset: {fileID: 0}
--- !u!1001 &6982858844337017768
PrefabInstance:
  m_ObjectHideFlags: 0
  serializedVersion: 2
  m_Modification:
    m_TransformParent: {fileID: 6505841443493682738}
    m_Modifications:
    - target: {fileID: 398096460243751448, guid: 51879217cae756047ab293fa736febc2, type: 3}
      propertyPath: m_Name
      value: addons_drivewayshort
      objectReference: {fileID: 0}
    - target: {fileID: 8074159584325949213, guid: 51879217cae756047ab293fa736febc2, type: 3}
      propertyPath: m_RootOrder
      value: 1
      objectReference: {fileID: 0}
    - target: {fileID: 8074159584325949213, guid: 51879217cae756047ab293fa736febc2, type: 3}
      propertyPath: m_LocalPosition.x
      value: -0.4731481
      objectReference: {fileID: 0}
    - target: {fileID: 8074159584325949213, guid: 51879217cae756047ab293fa736febc2, type: 3}
      propertyPath: m_LocalPosition.y
      value: -0.70892525
      objectReference: {fileID: 0}
    - target: {fileID: 8074159584325949213, guid: 51879217cae756047ab293fa736febc2, type: 3}
      propertyPath: m_LocalPosition.z
      value: -0.719471
      objectReference: {fileID: 0}
    - target: {fileID: 8074159584325949213, guid: 51879217cae756047ab293fa736febc2, type: 3}
      propertyPath: m_LocalRotation.w
      value: 1
      objectReference: {fileID: 0}
    - target: {fileID: 8074159584325949213, guid: 51879217cae756047ab293fa736febc2, type: 3}
      propertyPath: m_LocalRotation.x
      value: -0
      objectReference: {fileID: 0}
    - target: {fileID: 8074159584325949213, guid: 51879217cae756047ab293fa736febc2, type: 3}
      propertyPath: m_LocalRotation.y
      value: -0
      objectReference: {fileID: 0}
    - target: {fileID: 8074159584325949213, guid: 51879217cae756047ab293fa736febc2, type: 3}
      propertyPath: m_LocalRotation.z
      value: -0
      objectReference: {fileID: 0}
    - target: {fileID: 8074159584325949213, guid: 51879217cae756047ab293fa736febc2, type: 3}
      propertyPath: m_LocalEulerAnglesHint.x
      value: 0
      objectReference: {fileID: 0}
    - target: {fileID: 8074159584325949213, guid: 51879217cae756047ab293fa736febc2, type: 3}
      propertyPath: m_LocalEulerAnglesHint.y
      value: 0
      objectReference: {fileID: 0}
    - target: {fileID: 8074159584325949213, guid: 51879217cae756047ab293fa736febc2, type: 3}
      propertyPath: m_LocalEulerAnglesHint.z
      value: 0
      objectReference: {fileID: 0}
    m_RemovedComponents: []
  m_SourcePrefab: {fileID: 100100000, guid: 51879217cae756047ab293fa736febc2, type: 3}
--- !u!4 &1217436739844916405 stripped
Transform:
  m_CorrespondingSourceObject: {fileID: 8074159584325949213, guid: 51879217cae756047ab293fa736febc2, type: 3}
  m_PrefabInstance: {fileID: 6982858844337017768}
  m_PrefabAsset: {fileID: 0}
--- !u!1001 &6982858844636023217
PrefabInstance:
  m_ObjectHideFlags: 0
  serializedVersion: 2
  m_Modification:
    m_TransformParent: {fileID: 790221639441502947}
    m_Modifications:
    - target: {fileID: 1256528514950683202, guid: 437961cdafeea0f41a7f55387da9c866, type: 3}
      propertyPath: m_Name
      value: addons_fencerectangle
      objectReference: {fileID: 0}
    - target: {fileID: 5039023821249453936, guid: 437961cdafeea0f41a7f55387da9c866, type: 3}
      propertyPath: m_RootOrder
      value: 0
      objectReference: {fileID: 0}
    - target: {fileID: 5039023821249453936, guid: 437961cdafeea0f41a7f55387da9c866, type: 3}
      propertyPath: m_LocalPosition.x
      value: -0.8651483
      objectReference: {fileID: 0}
    - target: {fileID: 5039023821249453936, guid: 437961cdafeea0f41a7f55387da9c866, type: 3}
      propertyPath: m_LocalPosition.y
      value: -0.70892525
      objectReference: {fileID: 0}
    - target: {fileID: 5039023821249453936, guid: 437961cdafeea0f41a7f55387da9c866, type: 3}
      propertyPath: m_LocalPosition.z
      value: 0.3075285
      objectReference: {fileID: 0}
    - target: {fileID: 5039023821249453936, guid: 437961cdafeea0f41a7f55387da9c866, type: 3}
      propertyPath: m_LocalRotation.w
      value: 1
      objectReference: {fileID: 0}
    - target: {fileID: 5039023821249453936, guid: 437961cdafeea0f41a7f55387da9c866, type: 3}
      propertyPath: m_LocalRotation.x
      value: -0
      objectReference: {fileID: 0}
    - target: {fileID: 5039023821249453936, guid: 437961cdafeea0f41a7f55387da9c866, type: 3}
      propertyPath: m_LocalRotation.y
      value: -0
      objectReference: {fileID: 0}
    - target: {fileID: 5039023821249453936, guid: 437961cdafeea0f41a7f55387da9c866, type: 3}
      propertyPath: m_LocalRotation.z
      value: -0
      objectReference: {fileID: 0}
    - target: {fileID: 5039023821249453936, guid: 437961cdafeea0f41a7f55387da9c866, type: 3}
      propertyPath: m_LocalEulerAnglesHint.x
      value: 0
      objectReference: {fileID: 0}
    - target: {fileID: 5039023821249453936, guid: 437961cdafeea0f41a7f55387da9c866, type: 3}
      propertyPath: m_LocalEulerAnglesHint.y
      value: 0
      objectReference: {fileID: 0}
    - target: {fileID: 5039023821249453936, guid: 437961cdafeea0f41a7f55387da9c866, type: 3}
      propertyPath: m_LocalEulerAnglesHint.z
      value: 0
      objectReference: {fileID: 0}
    m_RemovedComponents: []
  m_SourcePrefab: {fileID: 100100000, guid: 437961cdafeea0f41a7f55387da9c866, type: 3}
--- !u!4 &2667868658335192769 stripped
Transform:
  m_CorrespondingSourceObject: {fileID: 5039023821249453936, guid: 437961cdafeea0f41a7f55387da9c866, type: 3}
  m_PrefabInstance: {fileID: 6982858844636023217}
  m_PrefabAsset: {fileID: 0}
--- !u!1 &8185308925763081203 stripped
GameObject:
  m_CorrespondingSourceObject: {fileID: 1256528514950683202, guid: 437961cdafeea0f41a7f55387da9c866, type: 3}
  m_PrefabInstance: {fileID: 6982858844636023217}
  m_PrefabAsset: {fileID: 0}
--- !u!1001 &6982858845253374114
PrefabInstance:
  m_ObjectHideFlags: 0
  serializedVersion: 2
  m_Modification:
    m_TransformParent: {fileID: 6505841443493682738}
    m_Modifications:
    - target: {fileID: 384462333054873497, guid: 80ab79fea3ae6cc4abc10b7788954569, type: 3}
      propertyPath: m_RootOrder
      value: 0
      objectReference: {fileID: 0}
    - target: {fileID: 384462333054873497, guid: 80ab79fea3ae6cc4abc10b7788954569, type: 3}
      propertyPath: m_LocalPosition.x
      value: -0.4731481
      objectReference: {fileID: 0}
    - target: {fileID: 384462333054873497, guid: 80ab79fea3ae6cc4abc10b7788954569, type: 3}
      propertyPath: m_LocalPosition.y
      value: -0.70892525
      objectReference: {fileID: 0}
    - target: {fileID: 384462333054873497, guid: 80ab79fea3ae6cc4abc10b7788954569, type: 3}
      propertyPath: m_LocalPosition.z
      value: -1.0194712
      objectReference: {fileID: 0}
    - target: {fileID: 384462333054873497, guid: 80ab79fea3ae6cc4abc10b7788954569, type: 3}
      propertyPath: m_LocalRotation.w
      value: 1
      objectReference: {fileID: 0}
    - target: {fileID: 384462333054873497, guid: 80ab79fea3ae6cc4abc10b7788954569, type: 3}
      propertyPath: m_LocalRotation.x
      value: -0
      objectReference: {fileID: 0}
    - target: {fileID: 384462333054873497, guid: 80ab79fea3ae6cc4abc10b7788954569, type: 3}
      propertyPath: m_LocalRotation.y
      value: -0
      objectReference: {fileID: 0}
    - target: {fileID: 384462333054873497, guid: 80ab79fea3ae6cc4abc10b7788954569, type: 3}
      propertyPath: m_LocalRotation.z
      value: -0
      objectReference: {fileID: 0}
    - target: {fileID: 384462333054873497, guid: 80ab79fea3ae6cc4abc10b7788954569, type: 3}
      propertyPath: m_LocalEulerAnglesHint.x
      value: 0
      objectReference: {fileID: 0}
    - target: {fileID: 384462333054873497, guid: 80ab79fea3ae6cc4abc10b7788954569, type: 3}
      propertyPath: m_LocalEulerAnglesHint.y
      value: 0
      objectReference: {fileID: 0}
    - target: {fileID: 384462333054873497, guid: 80ab79fea3ae6cc4abc10b7788954569, type: 3}
      propertyPath: m_LocalEulerAnglesHint.z
      value: 0
      objectReference: {fileID: 0}
    - target: {fileID: 7781112316086989114, guid: 80ab79fea3ae6cc4abc10b7788954569, type: 3}
      propertyPath: m_Name
      value: addons_drivewaylong
      objectReference: {fileID: 0}
    m_RemovedComponents: []
  m_SourcePrefab: {fileID: 100100000, guid: 80ab79fea3ae6cc4abc10b7788954569, type: 3}
--- !u!4 &7331292205598211899 stripped
Transform:
  m_CorrespondingSourceObject: {fileID: 384462333054873497, guid: 80ab79fea3ae6cc4abc10b7788954569, type: 3}
  m_PrefabInstance: {fileID: 6982858845253374114}
  m_PrefabAsset: {fileID: 0}
