%YAML 1.1
%TAG !u! tag:unity3d.com,2011:
--- !u!1 &3679283398979877641
GameObject:
  m_ObjectHideFlags: 0
  m_CorrespondingSourceObject: {fileID: 0}
  m_PrefabInstance: {fileID: 0}
  m_PrefabAsset: {fileID: 0}
  serializedVersion: 6
  m_Component:
  - component: {fileID: 3679283398979877646}
  - component: {fileID: 2578960914609030619}
  m_Layer: 0
  m_Name: road_crossing_NS
  m_TagString: Untagged
  m_Icon: {fileID: 0}
  m_NavMeshLayer: 0
  m_StaticEditorFlags: 4294967295
  m_IsActive: 1
--- !u!4 &3679283398979877646
Transform:
  m_ObjectHideFlags: 0
  m_CorrespondingSourceObject: {fileID: 0}
  m_PrefabInstance: {fileID: 0}
  m_PrefabAsset: {fileID: 0}
  m_GameObject: {fileID: 3679283398979877641}
  m_LocalRotation: {x: 0, y: 0, z: 0, w: 1}
  m_LocalPosition: {x: 0, y: 0, z: 0}
  m_LocalScale: {x: 1, y: 1, z: 1}
  m_Children:
  - {fileID: 3784652874069561337}
  - {fileID: 9162005503886252746}
  m_Father: {fileID: 0}
  m_RootOrder: 0
  m_LocalEulerAnglesHint: {x: 0, y: 0, z: 0}
--- !u!114 &2578960914609030619
MonoBehaviour:
  m_ObjectHideFlags: 0
  m_CorrespondingSourceObject: {fileID: 0}
  m_PrefabInstance: {fileID: 0}
  m_PrefabAsset: {fileID: 0}
  m_GameObject: {fileID: 3679283398979877641}
  m_Enabled: 1
  m_EditorHideFlags: 0
  m_Script: {fileID: 11500000, guid: 0321beea4511cfd4fa62a3a11041ed4a, type: 3}
  m_Name: 
  m_EditorClassIdentifier: 
  sizeX: 1
  sizeY: 1
  hasPavementUpSide: 0
  hasPavementDownSide: 0
  hasPavementLeftSide: 1
  hasPavementRightSide: 1
  hasPavementUpLeftCorner: 1
  hasPavementUpRightCorner: 1
  hasPavementDownLeftCorner: 1
  hasPavementDownRightCorner: 1
  hasCenterCrossingUpDown: 0
  hasCenterCrossingLeftRight: 1
  hasUpperCrossingLeftRight: 0
  hasBottomCrossingLeftRight: 0
  hasLeftCrossingUpDown: 0
  hasRightCrossingUpDown: 0
--- !u!1001 &3679283398367422482
PrefabInstance:
  m_ObjectHideFlags: 0
  serializedVersion: 2
  m_Modification:
    m_TransformParent: {fileID: 3679283398979877646}
    m_Modifications:
    - target: {fileID: -8679921383154817045, guid: 0e582b28a2be77649866f730818e57a3, type: 3}
      propertyPath: m_RootOrder
      value: 0
      objectReference: {fileID: 0}
    - target: {fileID: -8679921383154817045, guid: 0e582b28a2be77649866f730818e57a3, type: 3}
      propertyPath: m_LocalPosition.x
      value: 0
      objectReference: {fileID: 0}
    - target: {fileID: -8679921383154817045, guid: 0e582b28a2be77649866f730818e57a3, type: 3}
      propertyPath: m_LocalPosition.y
      value: 0
      objectReference: {fileID: 0}
    - target: {fileID: -8679921383154817045, guid: 0e582b28a2be77649866f730818e57a3, type: 3}
      propertyPath: m_LocalPosition.z
      value: 0
      objectReference: {fileID: 0}
    - target: {fileID: -8679921383154817045, guid: 0e582b28a2be77649866f730818e57a3, type: 3}
      propertyPath: m_LocalRotation.w
      value: 0.7071068
      objectReference: {fileID: 0}
    - target: {fileID: -8679921383154817045, guid: 0e582b28a2be77649866f730818e57a3, type: 3}
      propertyPath: m_LocalRotation.x
      value: -0
      objectReference: {fileID: 0}
    - target: {fileID: -8679921383154817045, guid: 0e582b28a2be77649866f730818e57a3, type: 3}
      propertyPath: m_LocalRotation.y
      value: -0.70710677
      objectReference: {fileID: 0}
    - target: {fileID: -8679921383154817045, guid: 0e582b28a2be77649866f730818e57a3, type: 3}
      propertyPath: m_LocalRotation.z
      value: -0
      objectReference: {fileID: 0}
    - target: {fileID: -8679921383154817045, guid: 0e582b28a2be77649866f730818e57a3, type: 3}
      propertyPath: m_LocalEulerAnglesHint.x
      value: 0
      objectReference: {fileID: 0}
    - target: {fileID: -8679921383154817045, guid: 0e582b28a2be77649866f730818e57a3, type: 3}
      propertyPath: m_LocalEulerAnglesHint.y
      value: -90
      objectReference: {fileID: 0}
    - target: {fileID: -8679921383154817045, guid: 0e582b28a2be77649866f730818e57a3, type: 3}
      propertyPath: m_LocalEulerAnglesHint.z
      value: 0
      objectReference: {fileID: 0}
    - target: {fileID: -7511558181221131132, guid: 0e582b28a2be77649866f730818e57a3, type: 3}
      propertyPath: m_CastShadows
      value: 0
      objectReference: {fileID: 0}
    - target: {fileID: -7511558181221131132, guid: 0e582b28a2be77649866f730818e57a3, type: 3}
      propertyPath: m_Materials.Array.data[0]
      value: 
      objectReference: {fileID: 2100000, guid: 8d1c0d3681c04c841b3d7bef621e35ee, type: 2}
    - target: {fileID: -7511558181221131132, guid: 0e582b28a2be77649866f730818e57a3, type: 3}
      propertyPath: m_Materials.Array.data[1]
      value: 
      objectReference: {fileID: 0}
    - target: {fileID: -7511558181221131132, guid: 0e582b28a2be77649866f730818e57a3, type: 3}
      propertyPath: m_Materials.Array.data[2]
      value: 
      objectReference: {fileID: 0}
    - target: {fileID: -7511558181221131132, guid: 0e582b28a2be77649866f730818e57a3, type: 3}
      propertyPath: m_Materials.Array.data[3]
      value: 
      objectReference: {fileID: 0}
    - target: {fileID: 919132149155446097, guid: 0e582b28a2be77649866f730818e57a3, type: 3}
      propertyPath: m_Name
      value: road_crossing
      objectReference: {fileID: 0}
    - target: {fileID: 919132149155446097, guid: 0e582b28a2be77649866f730818e57a3, type: 3}
      propertyPath: m_StaticEditorFlags
      value: 4294967295
      objectReference: {fileID: 0}
    m_RemovedComponents: []
  m_SourcePrefab: {fileID: 100100000, guid: 0e582b28a2be77649866f730818e57a3, type: 3}
--- !u!4 &3784652874069561337 stripped
Transform:
  m_CorrespondingSourceObject: {fileID: -8679921383154817045, guid: 0e582b28a2be77649866f730818e57a3, type: 3}
  m_PrefabInstance: {fileID: 3679283398367422482}
  m_PrefabAsset: {fileID: 0}
--- !u!1001 &6120991707015098789
PrefabInstance:
  m_ObjectHideFlags: 0
  serializedVersion: 2
  m_Modification:
    m_TransformParent: {fileID: 3679283398979877646}
    m_Modifications:
    - target: {fileID: 331415347009248761, guid: 03f99e63a040bd74faf29bb0810cf392, type: 3}
      propertyPath: m_IsActive
      value: 0
      objectReference: {fileID: 0}
    - target: {fileID: 1392176690052854203, guid: 03f99e63a040bd74faf29bb0810cf392, type: 3}
      propertyPath: m_IsActive
      value: 0
      objectReference: {fileID: 0}
    - target: {fileID: 2226536511418793059, guid: 03f99e63a040bd74faf29bb0810cf392, type: 3}
      propertyPath: belongsToStraightRoad
      value: 1
      objectReference: {fileID: 0}
    - target: {fileID: 2920252376394292598, guid: 03f99e63a040bd74faf29bb0810cf392, type: 3}
      propertyPath: paths.Array.size
      value: 1
      objectReference: {fileID: 0}
    - target: {fileID: 2920252376394292598, guid: 03f99e63a040bd74faf29bb0810cf392, type: 3}
      propertyPath: belongsToStraightRoad
      value: 1
      objectReference: {fileID: 0}
    - target: {fileID: 2920252376394292598, guid: 03f99e63a040bd74faf29bb0810cf392, type: 3}
      propertyPath: paths.Array.data[0].connectorOut
      value: 
      objectReference: {fileID: 1231757014529643605}
    - target: {fileID: 2920252376394292598, guid: 03f99e63a040bd74faf29bb0810cf392, type: 3}
      propertyPath: paths.Array.data[1].connectorOut
      value: 
      objectReference: {fileID: 1231757014529643605}
    - target: {fileID: 2920252376394292598, guid: 03f99e63a040bd74faf29bb0810cf392, type: 3}
      propertyPath: paths.Array.data[0].positionsSorted.Array.data[2]
      value: 
      objectReference: {fileID: 6748786719015443476}
    - target: {fileID: 2920252376394292598, guid: 03f99e63a040bd74faf29bb0810cf392, type: 3}
      propertyPath: paths.Array.data[0].positionsSorted.Array.data[3]
      value: 
      objectReference: {fileID: 3713978969333126255}
    - target: {fileID: 2920252376394292598, guid: 03f99e63a040bd74faf29bb0810cf392, type: 3}
      propertyPath: paths.Array.data[1].positionsSorted.Array.data[2]
      value: 
      objectReference: {fileID: 6748786719015443476}
    - target: {fileID: 2920252376394292598, guid: 03f99e63a040bd74faf29bb0810cf392, type: 3}
      propertyPath: paths.Array.data[1].positionsSorted.Array.data[3]
      value: 
      objectReference: {fileID: 3713978969333126255}
    - target: {fileID: 3159234389308566383, guid: 03f99e63a040bd74faf29bb0810cf392, type: 3}
      propertyPath: m_RootOrder
      value: 1
      objectReference: {fileID: 0}
    - target: {fileID: 3159234389308566383, guid: 03f99e63a040bd74faf29bb0810cf392, type: 3}
      propertyPath: m_LocalPosition.x
      value: 0
      objectReference: {fileID: 0}
    - target: {fileID: 3159234389308566383, guid: 03f99e63a040bd74faf29bb0810cf392, type: 3}
      propertyPath: m_LocalPosition.y
      value: 0
      objectReference: {fileID: 0}
    - target: {fileID: 3159234389308566383, guid: 03f99e63a040bd74faf29bb0810cf392, type: 3}
      propertyPath: m_LocalPosition.z
      value: 0
      objectReference: {fileID: 0}
    - target: {fileID: 3159234389308566383, guid: 03f99e63a040bd74faf29bb0810cf392, type: 3}
      propertyPath: m_LocalRotation.w
      value: 1
      objectReference: {fileID: 0}
    - target: {fileID: 3159234389308566383, guid: 03f99e63a040bd74faf29bb0810cf392, type: 3}
      propertyPath: m_LocalRotation.x
      value: 0
      objectReference: {fileID: 0}
    - target: {fileID: 3159234389308566383, guid: 03f99e63a040bd74faf29bb0810cf392, type: 3}
      propertyPath: m_LocalRotation.y
      value: 0
      objectReference: {fileID: 0}
    - target: {fileID: 3159234389308566383, guid: 03f99e63a040bd74faf29bb0810cf392, type: 3}
      propertyPath: m_LocalRotation.z
      value: 0
      objectReference: {fileID: 0}
    - target: {fileID: 3159234389308566383, guid: 03f99e63a040bd74faf29bb0810cf392, type: 3}
      propertyPath: m_LocalEulerAnglesHint.x
      value: 0
      objectReference: {fileID: 0}
    - target: {fileID: 3159234389308566383, guid: 03f99e63a040bd74faf29bb0810cf392, type: 3}
      propertyPath: m_LocalEulerAnglesHint.y
      value: 0
      objectReference: {fileID: 0}
    - target: {fileID: 3159234389308566383, guid: 03f99e63a040bd74faf29bb0810cf392, type: 3}
      propertyPath: m_LocalEulerAnglesHint.z
      value: 0
      objectReference: {fileID: 0}
    - target: {fileID: 4468135447344894267, guid: 03f99e63a040bd74faf29bb0810cf392, type: 3}
      propertyPath: belongsToStraightRoad
      value: 1
      objectReference: {fileID: 0}
    - target: {fileID: 4631120984704868924, guid: 03f99e63a040bd74faf29bb0810cf392, type: 3}
      propertyPath: m_IsActive
      value: 0
      objectReference: {fileID: 0}
    - target: {fileID: 5037898491580229104, guid: 03f99e63a040bd74faf29bb0810cf392, type: 3}
      propertyPath: belongsToStraightRoad
      value: 1
      objectReference: {fileID: 0}
    - target: {fileID: 5457943997583652784, guid: 03f99e63a040bd74faf29bb0810cf392, type: 3}
      propertyPath: belongsToStraightRoad
      value: 1
      objectReference: {fileID: 0}
    - target: {fileID: 5577848957013508171, guid: 03f99e63a040bd74faf29bb0810cf392, type: 3}
      propertyPath: paths.Array.size
      value: 1
      objectReference: {fileID: 0}
    - target: {fileID: 5577848957013508171, guid: 03f99e63a040bd74faf29bb0810cf392, type: 3}
      propertyPath: belongsToStraightRoad
      value: 1
      objectReference: {fileID: 0}
    - target: {fileID: 5577848957013508171, guid: 03f99e63a040bd74faf29bb0810cf392, type: 3}
      propertyPath: paths.Array.data[0].connectorOut
      value: 
      objectReference: {fileID: 5337925199120747974}
    - target: {fileID: 5577848957013508171, guid: 03f99e63a040bd74faf29bb0810cf392, type: 3}
      propertyPath: paths.Array.data[1].connectorOut
      value: 
      objectReference: {fileID: 3461325313011312743}
    - target: {fileID: 5577848957013508171, guid: 03f99e63a040bd74faf29bb0810cf392, type: 3}
      propertyPath: paths.Array.data[0].positionsSorted.Array.data[2]
      value: 
      objectReference: {fileID: 316571027356956035}
    - target: {fileID: 5577848957013508171, guid: 03f99e63a040bd74faf29bb0810cf392, type: 3}
      propertyPath: paths.Array.data[0].positionsSorted.Array.data[3]
      value: 
      objectReference: {fileID: 1520146451569213788}
    - target: {fileID: 5577848957013508171, guid: 03f99e63a040bd74faf29bb0810cf392, type: 3}
      propertyPath: paths.Array.data[1].positionsSorted.Array.data[2]
      value: 
      objectReference: {fileID: 6153137479501672971}
    - target: {fileID: 5577848957013508171, guid: 03f99e63a040bd74faf29bb0810cf392, type: 3}
      propertyPath: paths.Array.data[1].positionsSorted.Array.data[3]
      value: 
      objectReference: {fileID: 5455098253065605965}
    - target: {fileID: 7207945269982765197, guid: 03f99e63a040bd74faf29bb0810cf392, type: 3}
      propertyPath: belongsToStraightRoad
      value: 1
      objectReference: {fileID: 0}
    - target: {fileID: 7276471807490939330, guid: 03f99e63a040bd74faf29bb0810cf392, type: 3}
      propertyPath: belongsToStraightRoad
      value: 1
      objectReference: {fileID: 0}
    - target: {fileID: 7333125187508447094, guid: 03f99e63a040bd74faf29bb0810cf392, type: 3}
      propertyPath: m_Name
      value: connectors
      objectReference: {fileID: 0}
    - target: {fileID: 8223837516004047766, guid: 03f99e63a040bd74faf29bb0810cf392, type: 3}
      propertyPath: m_IsActive
      value: 0
      objectReference: {fileID: 0}
    m_RemovedComponents: []
  m_SourcePrefab: {fileID: 100100000, guid: 03f99e63a040bd74faf29bb0810cf392, type: 3}
--- !u!4 &9162005503886252746 stripped
Transform:
  m_CorrespondingSourceObject: {fileID: 3159234389308566383, guid: 03f99e63a040bd74faf29bb0810cf392, type: 3}
  m_PrefabInstance: {fileID: 6120991707015098789}
  m_PrefabAsset: {fileID: 0}
--- !u!4 &1520146451569213788 stripped
Transform:
  m_CorrespondingSourceObject: {fileID: 4749754589239423225, guid: 03f99e63a040bd74faf29bb0810cf392, type: 3}
  m_PrefabInstance: {fileID: 6120991707015098789}
  m_PrefabAsset: {fileID: 0}
--- !u!114 &5337925199120747974 stripped
MonoBehaviour:
  m_CorrespondingSourceObject: {fileID: 2226536511418793059, guid: 03f99e63a040bd74faf29bb0810cf392, type: 3}
  m_PrefabInstance: {fileID: 6120991707015098789}
  m_PrefabAsset: {fileID: 0}
  m_GameObject: {fileID: 0}
  m_Enabled: 1
  m_EditorHideFlags: 0
  m_Script: {fileID: 11500000, guid: 48cb1e1d6cfc2154dbe89ee9adeb2240, type: 3}
  m_Name: 
  m_EditorClassIdentifier: 
--- !u!4 &5455098253065605965 stripped
Transform:
  m_CorrespondingSourceObject: {fileID: 2253567225030730472, guid: 03f99e63a040bd74faf29bb0810cf392, type: 3}
  m_PrefabInstance: {fileID: 6120991707015098789}
  m_PrefabAsset: {fileID: 0}
--- !u!114 &3461325313011312743 stripped
MonoBehaviour:
  m_CorrespondingSourceObject: {fileID: 7276471807490939330, guid: 03f99e63a040bd74faf29bb0810cf392, type: 3}
  m_PrefabInstance: {fileID: 6120991707015098789}
  m_PrefabAsset: {fileID: 0}
  m_GameObject: {fileID: 0}
  m_Enabled: 1
  m_EditorHideFlags: 0
  m_Script: {fileID: 11500000, guid: 48cb1e1d6cfc2154dbe89ee9adeb2240, type: 3}
  m_Name: 
  m_EditorClassIdentifier: 
--- !u!4 &3713978969333126255 stripped
Transform:
  m_CorrespondingSourceObject: {fileID: 7455873796388447690, guid: 03f99e63a040bd74faf29bb0810cf392, type: 3}
  m_PrefabInstance: {fileID: 6120991707015098789}
  m_PrefabAsset: {fileID: 0}
--- !u!114 &1231757014529643605 stripped
MonoBehaviour:
  m_CorrespondingSourceObject: {fileID: 5037898491580229104, guid: 03f99e63a040bd74faf29bb0810cf392, type: 3}
  m_PrefabInstance: {fileID: 6120991707015098789}
  m_PrefabAsset: {fileID: 0}
  m_GameObject: {fileID: 0}
  m_Enabled: 1
  m_EditorHideFlags: 0
  m_Script: {fileID: 11500000, guid: 48cb1e1d6cfc2154dbe89ee9adeb2240, type: 3}
  m_Name: 
  m_EditorClassIdentifier: 
--- !u!4 &6748786719015443476 stripped
Transform:
  m_CorrespondingSourceObject: {fileID: 674027313976126897, guid: 03f99e63a040bd74faf29bb0810cf392, type: 3}
  m_PrefabInstance: {fileID: 6120991707015098789}
  m_PrefabAsset: {fileID: 0}
--- !u!4 &316571027356956035 stripped
Transform:
  m_CorrespondingSourceObject: {fileID: 5806985084849718310, guid: 03f99e63a040bd74faf29bb0810cf392, type: 3}
  m_PrefabInstance: {fileID: 6120991707015098789}
  m_PrefabAsset: {fileID: 0}
--- !u!4 &6153137479501672971 stripped
Transform:
  m_CorrespondingSourceObject: {fileID: 114406835509380014, guid: 03f99e63a040bd74faf29bb0810cf392, type: 3}
  m_PrefabInstance: {fileID: 6120991707015098789}
  m_PrefabAsset: {fileID: 0}
