%YAML 1.1
%TAG !u! tag:unity3d.com,2011:
--- !u!1 &3334056162863667811
GameObject:
  m_ObjectHideFlags: 0
  m_CorrespondingSourceObject: {fileID: 0}
  m_PrefabInstance: {fileID: 0}
  m_PrefabAsset: {fileID: 0}
  serializedVersion: 6
  m_Component:
  - component: {fileID: 3334056162863667810}
  - component: {fileID: 9055454349132318679}
  m_Layer: 0
  m_Name: road_end_W
  m_TagString: Untagged
  m_Icon: {fileID: 0}
  m_NavMeshLayer: 0
  m_StaticEditorFlags: 4294967295
  m_IsActive: 1
--- !u!4 &3334056162863667810
Transform:
  m_ObjectHideFlags: 0
  m_CorrespondingSourceObject: {fileID: 0}
  m_PrefabInstance: {fileID: 0}
  m_PrefabAsset: {fileID: 0}
  m_GameObject: {fileID: 3334056162863667811}
  m_LocalRotation: {x: 0, y: 0, z: 0, w: 1}
  m_LocalPosition: {x: 0, y: 0, z: 0}
  m_LocalScale: {x: 1, y: 1, z: 1}
  m_Children:
  - {fileID: 3012427763793193704}
  - {fileID: 2990396575457676385}
  m_Father: {fileID: 0}
  m_RootOrder: 0
  m_LocalEulerAnglesHint: {x: 0, y: 0, z: 0}
--- !u!114 &9055454349132318679
MonoBehaviour:
  m_ObjectHideFlags: 0
  m_CorrespondingSourceObject: {fileID: 0}
  m_PrefabInstance: {fileID: 0}
  m_PrefabAsset: {fileID: 0}
  m_GameObject: {fileID: 3334056162863667811}
  m_Enabled: 1
  m_EditorHideFlags: 0
  m_Script: {fileID: 11500000, guid: 0321beea4511cfd4fa62a3a11041ed4a, type: 3}
  m_Name: 
  m_EditorClassIdentifier: 
  sizeX: 1
  sizeY: 1
  hasPavementUpSide: 1
  hasPavementDownSide: 1
  hasPavementLeftSide: 0
  hasPavementRightSide: 1
  hasPavementUpLeftCorner: 1
  hasPavementUpRightCorner: 1
  hasPavementDownLeftCorner: 1
  hasPavementDownRightCorner: 1
  hasCenterCrossingUpDown: 0
  hasCenterCrossingLeftRight: 0
  hasUpperCrossingLeftRight: 0
  hasBottomCrossingLeftRight: 0
  hasLeftCrossingUpDown: 0
  hasRightCrossingUpDown: 0
--- !u!1001 &168848870206105358
PrefabInstance:
  m_ObjectHideFlags: 0
  serializedVersion: 2
  m_Modification:
    m_TransformParent: {fileID: 3334056162863667810}
    m_Modifications:
    - target: {fileID: 114406835509380014, guid: 03f99e63a040bd74faf29bb0810cf392, type: 3}
      propertyPath: m_LocalPosition.x
      value: 0
      objectReference: {fileID: 0}
    - target: {fileID: 331415347009248761, guid: 03f99e63a040bd74faf29bb0810cf392, type: 3}
      propertyPath: m_IsActive
      value: 0
      objectReference: {fileID: 0}
    - target: {fileID: 619020639648828017, guid: 03f99e63a040bd74faf29bb0810cf392, type: 3}
      propertyPath: m_LocalPosition.x
      value: 0.1
      objectReference: {fileID: 0}
    - target: {fileID: 619020639648828017, guid: 03f99e63a040bd74faf29bb0810cf392, type: 3}
      propertyPath: m_LocalPosition.z
      value: 0.1
      objectReference: {fileID: 0}
    - target: {fileID: 1177293779918552887, guid: 03f99e63a040bd74faf29bb0810cf392, type: 3}
      propertyPath: m_IsActive
      value: 0
      objectReference: {fileID: 0}
    - target: {fileID: 1916971512530759544, guid: 03f99e63a040bd74faf29bb0810cf392, type: 3}
      propertyPath: m_IsActive
      value: 0
      objectReference: {fileID: 0}
    - target: {fileID: 3159234389308566383, guid: 03f99e63a040bd74faf29bb0810cf392, type: 3}
      propertyPath: m_RootOrder
      value: 1
      objectReference: {fileID: 0}
    - target: {fileID: 3159234389308566383, guid: 03f99e63a040bd74faf29bb0810cf392, type: 3}
      propertyPath: m_LocalPosition.x
      value: 0
      objectReference: {fileID: 0}
    - target: {fileID: 3159234389308566383, guid: 03f99e63a040bd74faf29bb0810cf392, type: 3}
      propertyPath: m_LocalPosition.y
      value: 0
      objectReference: {fileID: 0}
    - target: {fileID: 3159234389308566383, guid: 03f99e63a040bd74faf29bb0810cf392, type: 3}
      propertyPath: m_LocalPosition.z
      value: 0
      objectReference: {fileID: 0}
    - target: {fileID: 3159234389308566383, guid: 03f99e63a040bd74faf29bb0810cf392, type: 3}
      propertyPath: m_LocalRotation.w
      value: 1
      objectReference: {fileID: 0}
    - target: {fileID: 3159234389308566383, guid: 03f99e63a040bd74faf29bb0810cf392, type: 3}
      propertyPath: m_LocalRotation.x
      value: 0
      objectReference: {fileID: 0}
    - target: {fileID: 3159234389308566383, guid: 03f99e63a040bd74faf29bb0810cf392, type: 3}
      propertyPath: m_LocalRotation.y
      value: 0
      objectReference: {fileID: 0}
    - target: {fileID: 3159234389308566383, guid: 03f99e63a040bd74faf29bb0810cf392, type: 3}
      propertyPath: m_LocalRotation.z
      value: 0
      objectReference: {fileID: 0}
    - target: {fileID: 3159234389308566383, guid: 03f99e63a040bd74faf29bb0810cf392, type: 3}
      propertyPath: m_LocalEulerAnglesHint.x
      value: 0
      objectReference: {fileID: 0}
    - target: {fileID: 3159234389308566383, guid: 03f99e63a040bd74faf29bb0810cf392, type: 3}
      propertyPath: m_LocalEulerAnglesHint.y
      value: 0
      objectReference: {fileID: 0}
    - target: {fileID: 3159234389308566383, guid: 03f99e63a040bd74faf29bb0810cf392, type: 3}
      propertyPath: m_LocalEulerAnglesHint.z
      value: 0
      objectReference: {fileID: 0}
    - target: {fileID: 4089117357343951630, guid: 03f99e63a040bd74faf29bb0810cf392, type: 3}
      propertyPath: m_IsActive
      value: 0
      objectReference: {fileID: 0}
    - target: {fileID: 4468135447344894267, guid: 03f99e63a040bd74faf29bb0810cf392, type: 3}
      propertyPath: paths.Array.size
      value: 1
      objectReference: {fileID: 0}
    - target: {fileID: 4468135447344894267, guid: 03f99e63a040bd74faf29bb0810cf392, type: 3}
      propertyPath: paths.Array.data[0].connectorOut
      value: 
      objectReference: {fileID: 7398543002357481164}
    - target: {fileID: 4468135447344894267, guid: 03f99e63a040bd74faf29bb0810cf392, type: 3}
      propertyPath: paths.Array.data[0].positionsSorted.Array.size
      value: 6
      objectReference: {fileID: 0}
    - target: {fileID: 4468135447344894267, guid: 03f99e63a040bd74faf29bb0810cf392, type: 3}
      propertyPath: paths.Array.data[0].positionsSorted.Array.data[0]
      value: 
      objectReference: {fileID: 3456576357199710745}
    - target: {fileID: 4468135447344894267, guid: 03f99e63a040bd74faf29bb0810cf392, type: 3}
      propertyPath: paths.Array.data[0].positionsSorted.Array.data[1]
      value: 
      objectReference: {fileID: 4978639024391573750}
    - target: {fileID: 4468135447344894267, guid: 03f99e63a040bd74faf29bb0810cf392, type: 3}
      propertyPath: paths.Array.data[0].positionsSorted.Array.data[2]
      value: 
      objectReference: {fileID: 5629431945813855336}
    - target: {fileID: 4468135447344894267, guid: 03f99e63a040bd74faf29bb0810cf392, type: 3}
      propertyPath: paths.Array.data[0].positionsSorted.Array.data[3]
      value: 
      objectReference: {fileID: 774879560574119295}
    - target: {fileID: 4468135447344894267, guid: 03f99e63a040bd74faf29bb0810cf392, type: 3}
      propertyPath: paths.Array.data[0].positionsSorted.Array.data[4]
      value: 
      objectReference: {fileID: 270685804235695264}
    - target: {fileID: 4468135447344894267, guid: 03f99e63a040bd74faf29bb0810cf392, type: 3}
      propertyPath: paths.Array.data[0].positionsSorted.Array.data[5]
      value: 
      objectReference: {fileID: 2094622791003735526}
    - target: {fileID: 5134229983347980280, guid: 03f99e63a040bd74faf29bb0810cf392, type: 3}
      propertyPath: m_LocalPosition.x
      value: 0
      objectReference: {fileID: 0}
    - target: {fileID: 5496675920253348710, guid: 03f99e63a040bd74faf29bb0810cf392, type: 3}
      propertyPath: m_LocalPosition.x
      value: 0.1
      objectReference: {fileID: 0}
    - target: {fileID: 5496675920253348710, guid: 03f99e63a040bd74faf29bb0810cf392, type: 3}
      propertyPath: m_LocalPosition.z
      value: -0.1
      objectReference: {fileID: 0}
    - target: {fileID: 7291799657189988638, guid: 03f99e63a040bd74faf29bb0810cf392, type: 3}
      propertyPath: m_IsActive
      value: 0
      objectReference: {fileID: 0}
    - target: {fileID: 7333125187508447094, guid: 03f99e63a040bd74faf29bb0810cf392, type: 3}
      propertyPath: m_Name
      value: connectors
      objectReference: {fileID: 0}
    - target: {fileID: 8223837516004047766, guid: 03f99e63a040bd74faf29bb0810cf392, type: 3}
      propertyPath: m_IsActive
      value: 0
      objectReference: {fileID: 0}
    m_RemovedComponents: []
  m_SourcePrefab: {fileID: 100100000, guid: 03f99e63a040bd74faf29bb0810cf392, type: 3}
--- !u!4 &2990396575457676385 stripped
Transform:
  m_CorrespondingSourceObject: {fileID: 3159234389308566383, guid: 03f99e63a040bd74faf29bb0810cf392, type: 3}
  m_PrefabInstance: {fileID: 168848870206105358}
  m_PrefabAsset: {fileID: 0}
--- !u!4 &3456576357199710745 stripped
Transform:
  m_CorrespondingSourceObject: {fileID: 3292103587298766103, guid: 03f99e63a040bd74faf29bb0810cf392, type: 3}
  m_PrefabInstance: {fileID: 168848870206105358}
  m_PrefabAsset: {fileID: 0}
--- !u!4 &2094622791003735526 stripped
Transform:
  m_CorrespondingSourceObject: {fileID: 2253567225030730472, guid: 03f99e63a040bd74faf29bb0810cf392, type: 3}
  m_PrefabInstance: {fileID: 168848870206105358}
  m_PrefabAsset: {fileID: 0}
--- !u!114 &7398543002357481164 stripped
MonoBehaviour:
  m_CorrespondingSourceObject: {fileID: 7276471807490939330, guid: 03f99e63a040bd74faf29bb0810cf392, type: 3}
  m_PrefabInstance: {fileID: 168848870206105358}
  m_PrefabAsset: {fileID: 0}
  m_GameObject: {fileID: 0}
  m_Enabled: 1
  m_EditorHideFlags: 0
  m_Script: {fileID: 11500000, guid: 48cb1e1d6cfc2154dbe89ee9adeb2240, type: 3}
  m_Name: 
  m_EditorClassIdentifier: 
--- !u!4 &774879560574119295 stripped
Transform:
  m_CorrespondingSourceObject: {fileID: 619020639648828017, guid: 03f99e63a040bd74faf29bb0810cf392, type: 3}
  m_PrefabInstance: {fileID: 168848870206105358}
  m_PrefabAsset: {fileID: 0}
--- !u!4 &5629431945813855336 stripped
Transform:
  m_CorrespondingSourceObject: {fileID: 5496675920253348710, guid: 03f99e63a040bd74faf29bb0810cf392, type: 3}
  m_PrefabInstance: {fileID: 168848870206105358}
  m_PrefabAsset: {fileID: 0}
--- !u!4 &4978639024391573750 stripped
Transform:
  m_CorrespondingSourceObject: {fileID: 5134229983347980280, guid: 03f99e63a040bd74faf29bb0810cf392, type: 3}
  m_PrefabInstance: {fileID: 168848870206105358}
  m_PrefabAsset: {fileID: 0}
--- !u!4 &270685804235695264 stripped
Transform:
  m_CorrespondingSourceObject: {fileID: 114406835509380014, guid: 03f99e63a040bd74faf29bb0810cf392, type: 3}
  m_PrefabInstance: {fileID: 168848870206105358}
  m_PrefabAsset: {fileID: 0}
--- !u!1001 &3334056162497105155
PrefabInstance:
  m_ObjectHideFlags: 0
  serializedVersion: 2
  m_Modification:
    m_TransformParent: {fileID: 3334056162863667810}
    m_Modifications:
    - target: {fileID: -8679921383154817045, guid: 9c5258930ada98d4e89191fdd09a46d9, type: 3}
      propertyPath: m_RootOrder
      value: 0
      objectReference: {fileID: 0}
    - target: {fileID: -8679921383154817045, guid: 9c5258930ada98d4e89191fdd09a46d9, type: 3}
      propertyPath: m_LocalPosition.x
      value: 0
      objectReference: {fileID: 0}
    - target: {fileID: -8679921383154817045, guid: 9c5258930ada98d4e89191fdd09a46d9, type: 3}
      propertyPath: m_LocalPosition.y
      value: 0
      objectReference: {fileID: 0}
    - target: {fileID: -8679921383154817045, guid: 9c5258930ada98d4e89191fdd09a46d9, type: 3}
      propertyPath: m_LocalPosition.z
      value: 0
      objectReference: {fileID: 0}
    - target: {fileID: -8679921383154817045, guid: 9c5258930ada98d4e89191fdd09a46d9, type: 3}
      propertyPath: m_LocalRotation.w
      value: 1
      objectReference: {fileID: 0}
    - target: {fileID: -8679921383154817045, guid: 9c5258930ada98d4e89191fdd09a46d9, type: 3}
      propertyPath: m_LocalRotation.x
      value: -0
      objectReference: {fileID: 0}
    - target: {fileID: -8679921383154817045, guid: 9c5258930ada98d4e89191fdd09a46d9, type: 3}
      propertyPath: m_LocalRotation.y
      value: -0
      objectReference: {fileID: 0}
    - target: {fileID: -8679921383154817045, guid: 9c5258930ada98d4e89191fdd09a46d9, type: 3}
      propertyPath: m_LocalRotation.z
      value: -0
      objectReference: {fileID: 0}
    - target: {fileID: -8679921383154817045, guid: 9c5258930ada98d4e89191fdd09a46d9, type: 3}
      propertyPath: m_LocalEulerAnglesHint.x
      value: 0
      objectReference: {fileID: 0}
    - target: {fileID: -8679921383154817045, guid: 9c5258930ada98d4e89191fdd09a46d9, type: 3}
      propertyPath: m_LocalEulerAnglesHint.y
      value: 0
      objectReference: {fileID: 0}
    - target: {fileID: -8679921383154817045, guid: 9c5258930ada98d4e89191fdd09a46d9, type: 3}
      propertyPath: m_LocalEulerAnglesHint.z
      value: 0
      objectReference: {fileID: 0}
    - target: {fileID: -7511558181221131132, guid: 9c5258930ada98d4e89191fdd09a46d9, type: 3}
      propertyPath: m_CastShadows
      value: 0
      objectReference: {fileID: 0}
    - target: {fileID: -7511558181221131132, guid: 9c5258930ada98d4e89191fdd09a46d9, type: 3}
      propertyPath: m_Materials.Array.data[0]
      value: 
      objectReference: {fileID: 2100000, guid: 8d1c0d3681c04c841b3d7bef621e35ee, type: 2}
    - target: {fileID: -7511558181221131132, guid: 9c5258930ada98d4e89191fdd09a46d9, type: 3}
      propertyPath: m_Materials.Array.data[1]
      value: 
      objectReference: {fileID: 0}
    - target: {fileID: -7511558181221131132, guid: 9c5258930ada98d4e89191fdd09a46d9, type: 3}
      propertyPath: m_Materials.Array.data[2]
      value: 
      objectReference: {fileID: 0}
    - target: {fileID: -7511558181221131132, guid: 9c5258930ada98d4e89191fdd09a46d9, type: 3}
      propertyPath: m_Materials.Array.data[3]
      value: 
      objectReference: {fileID: 0}
    - target: {fileID: 919132149155446097, guid: 9c5258930ada98d4e89191fdd09a46d9, type: 3}
      propertyPath: m_Name
      value: road_end
      objectReference: {fileID: 0}
    - target: {fileID: 919132149155446097, guid: 9c5258930ada98d4e89191fdd09a46d9, type: 3}
      propertyPath: m_StaticEditorFlags
      value: 4294967295
      objectReference: {fileID: 0}
    m_RemovedComponents: []
  m_SourcePrefab: {fileID: 100100000, guid: 9c5258930ada98d4e89191fdd09a46d9, type: 3}
--- !u!4 &3012427763793193704 stripped
Transform:
  m_CorrespondingSourceObject: {fileID: -8679921383154817045, guid: 9c5258930ada98d4e89191fdd09a46d9, type: 3}
  m_PrefabInstance: {fileID: 3334056162497105155}
  m_PrefabAsset: {fileID: 0}
