%YAML 1.1
%TAG !u! tag:unity3d.com,2011:
--- !u!1 &6282821829208860526
GameObject:
  m_ObjectHideFlags: 0
  m_CorrespondingSourceObject: {fileID: 0}
  m_PrefabInstance: {fileID: 0}
  m_PrefabAsset: {fileID: 0}
  serializedVersion: 6
  m_Component:
  - component: {fileID: 6282821829208860527}
  - component: {fileID: 4328363861570150511}
  m_Layer: 0
  m_Name: road_bendsquare_SW
  m_TagString: Untagged
  m_Icon: {fileID: 0}
  m_NavMeshLayer: 0
  m_StaticEditorFlags: 4294967295
  m_IsActive: 1
--- !u!4 &6282821829208860527
Transform:
  m_ObjectHideFlags: 0
  m_CorrespondingSourceObject: {fileID: 0}
  m_PrefabInstance: {fileID: 0}
  m_PrefabAsset: {fileID: 0}
  m_GameObject: {fileID: 6282821829208860526}
  m_LocalRotation: {x: 0, y: 0, z: 0, w: 1}
  m_LocalPosition: {x: 0, y: 0, z: 0}
  m_LocalScale: {x: 1, y: 1, z: 1}
  m_Children:
  - {fileID: 5817428437387926973}
  - {fileID: 8774039770658522049}
  m_Father: {fileID: 0}
  m_RootOrder: 0
  m_LocalEulerAnglesHint: {x: 0, y: 0, z: 0}
--- !u!114 &4328363861570150511
MonoBehaviour:
  m_ObjectHideFlags: 0
  m_CorrespondingSourceObject: {fileID: 0}
  m_PrefabInstance: {fileID: 0}
  m_PrefabAsset: {fileID: 0}
  m_GameObject: {fileID: 6282821829208860526}
  m_Enabled: 1
  m_EditorHideFlags: 0
  m_Script: {fileID: 11500000, guid: 0321beea4511cfd4fa62a3a11041ed4a, type: 3}
  m_Name: 
  m_EditorClassIdentifier: 
  sizeX: 1
  sizeY: 1
  hasPavementUpSide: 1
  hasPavementDownSide: 0
  hasPavementLeftSide: 0
  hasPavementRightSide: 1
  hasPavementUpLeftCorner: 1
  hasPavementUpRightCorner: 1
  hasPavementDownLeftCorner: 1
  hasPavementDownRightCorner: 1
  hasCenterCrossingUpDown: 0
  hasCenterCrossingLeftRight: 0
  hasUpperCrossingLeftRight: 0
  hasBottomCrossingLeftRight: 0
  hasLeftCrossingUpDown: 0
  hasRightCrossingUpDown: 0
--- !u!1001 &5914488959981791406
PrefabInstance:
  m_ObjectHideFlags: 0
  serializedVersion: 2
  m_Modification:
    m_TransformParent: {fileID: 6282821829208860527}
    m_Modifications:
    - target: {fileID: 331415347009248761, guid: 03f99e63a040bd74faf29bb0810cf392, type: 3}
      propertyPath: m_IsActive
      value: 0
      objectReference: {fileID: 0}
    - target: {fileID: 1177293779918552887, guid: 03f99e63a040bd74faf29bb0810cf392, type: 3}
      propertyPath: m_IsActive
      value: 0
      objectReference: {fileID: 0}
    - target: {fileID: 2920252376394292598, guid: 03f99e63a040bd74faf29bb0810cf392, type: 3}
      propertyPath: paths.Array.size
      value: 1
      objectReference: {fileID: 0}
    - target: {fileID: 2920252376394292598, guid: 03f99e63a040bd74faf29bb0810cf392, type: 3}
      propertyPath: paths.Array.data[0].connectorOut
      value: 
      objectReference: {fileID: 3958458262324212076}
    - target: {fileID: 2920252376394292598, guid: 03f99e63a040bd74faf29bb0810cf392, type: 3}
      propertyPath: paths.Array.data[1].connectorOut
      value: 
      objectReference: {fileID: 1728900271833255262}
    - target: {fileID: 2920252376394292598, guid: 03f99e63a040bd74faf29bb0810cf392, type: 3}
      propertyPath: paths.Array.data[0].positionsSorted.Array.data[2]
      value: 
      objectReference: {fileID: 6017381081379433216}
    - target: {fileID: 2920252376394292598, guid: 03f99e63a040bd74faf29bb0810cf392, type: 3}
      propertyPath: paths.Array.data[0].positionsSorted.Array.data[3]
      value: 
      objectReference: {fileID: 5571580753114057286}
    - target: {fileID: 2920252376394292598, guid: 03f99e63a040bd74faf29bb0810cf392, type: 3}
      propertyPath: paths.Array.data[1].positionsSorted.Array.data[2]
      value: 
      objectReference: {fileID: 6579438110765614367}
    - target: {fileID: 2920252376394292598, guid: 03f99e63a040bd74faf29bb0810cf392, type: 3}
      propertyPath: paths.Array.data[1].positionsSorted.Array.data[3]
      value: 
      objectReference: {fileID: 3849708965953752420}
    - target: {fileID: 3159234389308566383, guid: 03f99e63a040bd74faf29bb0810cf392, type: 3}
      propertyPath: m_RootOrder
      value: 1
      objectReference: {fileID: 0}
    - target: {fileID: 3159234389308566383, guid: 03f99e63a040bd74faf29bb0810cf392, type: 3}
      propertyPath: m_LocalPosition.x
      value: 0
      objectReference: {fileID: 0}
    - target: {fileID: 3159234389308566383, guid: 03f99e63a040bd74faf29bb0810cf392, type: 3}
      propertyPath: m_LocalPosition.y
      value: 0
      objectReference: {fileID: 0}
    - target: {fileID: 3159234389308566383, guid: 03f99e63a040bd74faf29bb0810cf392, type: 3}
      propertyPath: m_LocalPosition.z
      value: 0
      objectReference: {fileID: 0}
    - target: {fileID: 3159234389308566383, guid: 03f99e63a040bd74faf29bb0810cf392, type: 3}
      propertyPath: m_LocalRotation.w
      value: 1
      objectReference: {fileID: 0}
    - target: {fileID: 3159234389308566383, guid: 03f99e63a040bd74faf29bb0810cf392, type: 3}
      propertyPath: m_LocalRotation.x
      value: 0
      objectReference: {fileID: 0}
    - target: {fileID: 3159234389308566383, guid: 03f99e63a040bd74faf29bb0810cf392, type: 3}
      propertyPath: m_LocalRotation.y
      value: 0
      objectReference: {fileID: 0}
    - target: {fileID: 3159234389308566383, guid: 03f99e63a040bd74faf29bb0810cf392, type: 3}
      propertyPath: m_LocalRotation.z
      value: 0
      objectReference: {fileID: 0}
    - target: {fileID: 3159234389308566383, guid: 03f99e63a040bd74faf29bb0810cf392, type: 3}
      propertyPath: m_LocalEulerAnglesHint.x
      value: 0
      objectReference: {fileID: 0}
    - target: {fileID: 3159234389308566383, guid: 03f99e63a040bd74faf29bb0810cf392, type: 3}
      propertyPath: m_LocalEulerAnglesHint.y
      value: 0
      objectReference: {fileID: 0}
    - target: {fileID: 3159234389308566383, guid: 03f99e63a040bd74faf29bb0810cf392, type: 3}
      propertyPath: m_LocalEulerAnglesHint.z
      value: 0
      objectReference: {fileID: 0}
    - target: {fileID: 4089117357343951630, guid: 03f99e63a040bd74faf29bb0810cf392, type: 3}
      propertyPath: m_IsActive
      value: 0
      objectReference: {fileID: 0}
    - target: {fileID: 4468135447344894267, guid: 03f99e63a040bd74faf29bb0810cf392, type: 3}
      propertyPath: paths.Array.size
      value: 1
      objectReference: {fileID: 0}
    - target: {fileID: 4468135447344894267, guid: 03f99e63a040bd74faf29bb0810cf392, type: 3}
      propertyPath: paths.Array.data[0].connectorOut
      value: 
      objectReference: {fileID: 5544568267431138509}
    - target: {fileID: 4468135447344894267, guid: 03f99e63a040bd74faf29bb0810cf392, type: 3}
      propertyPath: paths.Array.data[1].connectorOut
      value: 
      objectReference: {fileID: 1728900271833255262}
    - target: {fileID: 4468135447344894267, guid: 03f99e63a040bd74faf29bb0810cf392, type: 3}
      propertyPath: paths.Array.data[0].positionsSorted.Array.data[2]
      value: 
      objectReference: {fileID: 180973521820363912}
    - target: {fileID: 4468135447344894267, guid: 03f99e63a040bd74faf29bb0810cf392, type: 3}
      propertyPath: paths.Array.data[0].positionsSorted.Array.data[3]
      value: 
      objectReference: {fileID: 1440862697830389847}
    - target: {fileID: 4468135447344894267, guid: 03f99e63a040bd74faf29bb0810cf392, type: 3}
      propertyPath: paths.Array.data[1].positionsSorted.Array.data[2]
      value: 
      objectReference: {fileID: 6579438110765614367}
    - target: {fileID: 4468135447344894267, guid: 03f99e63a040bd74faf29bb0810cf392, type: 3}
      propertyPath: paths.Array.data[1].positionsSorted.Array.data[3]
      value: 
      objectReference: {fileID: 3849708965953752420}
    - target: {fileID: 7333125187508447094, guid: 03f99e63a040bd74faf29bb0810cf392, type: 3}
      propertyPath: m_Name
      value: connectors
      objectReference: {fileID: 0}
    - target: {fileID: 8223837516004047766, guid: 03f99e63a040bd74faf29bb0810cf392, type: 3}
      propertyPath: m_IsActive
      value: 0
      objectReference: {fileID: 0}
    m_RemovedComponents: []
  m_SourcePrefab: {fileID: 100100000, guid: 03f99e63a040bd74faf29bb0810cf392, type: 3}
--- !u!4 &8774039770658522049 stripped
Transform:
  m_CorrespondingSourceObject: {fileID: 3159234389308566383, guid: 03f99e63a040bd74faf29bb0810cf392, type: 3}
  m_PrefabInstance: {fileID: 5914488959981791406}
  m_PrefabAsset: {fileID: 0}
--- !u!4 &1440862697830389847 stripped
Transform:
  m_CorrespondingSourceObject: {fileID: 4749754589239423225, guid: 03f99e63a040bd74faf29bb0810cf392, type: 3}
  m_PrefabInstance: {fileID: 5914488959981791406}
  m_PrefabAsset: {fileID: 0}
--- !u!114 &5544568267431138509 stripped
MonoBehaviour:
  m_CorrespondingSourceObject: {fileID: 2226536511418793059, guid: 03f99e63a040bd74faf29bb0810cf392, type: 3}
  m_PrefabInstance: {fileID: 5914488959981791406}
  m_PrefabAsset: {fileID: 0}
  m_GameObject: {fileID: 0}
  m_Enabled: 1
  m_EditorHideFlags: 0
  m_Script: {fileID: 11500000, guid: 48cb1e1d6cfc2154dbe89ee9adeb2240, type: 3}
  m_Name: 
  m_EditorClassIdentifier: 
--- !u!4 &5571580753114057286 stripped
Transform:
  m_CorrespondingSourceObject: {fileID: 2253567225030730472, guid: 03f99e63a040bd74faf29bb0810cf392, type: 3}
  m_PrefabInstance: {fileID: 5914488959981791406}
  m_PrefabAsset: {fileID: 0}
--- !u!114 &3958458262324212076 stripped
MonoBehaviour:
  m_CorrespondingSourceObject: {fileID: 7276471807490939330, guid: 03f99e63a040bd74faf29bb0810cf392, type: 3}
  m_PrefabInstance: {fileID: 5914488959981791406}
  m_PrefabAsset: {fileID: 0}
  m_GameObject: {fileID: 0}
  m_Enabled: 1
  m_EditorHideFlags: 0
  m_Script: {fileID: 11500000, guid: 48cb1e1d6cfc2154dbe89ee9adeb2240, type: 3}
  m_Name: 
  m_EditorClassIdentifier: 
--- !u!4 &3849708965953752420 stripped
Transform:
  m_CorrespondingSourceObject: {fileID: 7455873796388447690, guid: 03f99e63a040bd74faf29bb0810cf392, type: 3}
  m_PrefabInstance: {fileID: 5914488959981791406}
  m_PrefabAsset: {fileID: 0}
--- !u!114 &1728900271833255262 stripped
MonoBehaviour:
  m_CorrespondingSourceObject: {fileID: 5037898491580229104, guid: 03f99e63a040bd74faf29bb0810cf392, type: 3}
  m_PrefabInstance: {fileID: 5914488959981791406}
  m_PrefabAsset: {fileID: 0}
  m_GameObject: {fileID: 0}
  m_Enabled: 1
  m_EditorHideFlags: 0
  m_Script: {fileID: 11500000, guid: 48cb1e1d6cfc2154dbe89ee9adeb2240, type: 3}
  m_Name: 
  m_EditorClassIdentifier: 
--- !u!4 &6579438110765614367 stripped
Transform:
  m_CorrespondingSourceObject: {fileID: 674027313976126897, guid: 03f99e63a040bd74faf29bb0810cf392, type: 3}
  m_PrefabInstance: {fileID: 5914488959981791406}
  m_PrefabAsset: {fileID: 0}
--- !u!4 &180973521820363912 stripped
Transform:
  m_CorrespondingSourceObject: {fileID: 5806985084849718310, guid: 03f99e63a040bd74faf29bb0810cf392, type: 3}
  m_PrefabInstance: {fileID: 5914488959981791406}
  m_PrefabAsset: {fileID: 0}
--- !u!4 &6017381081379433216 stripped
Transform:
  m_CorrespondingSourceObject: {fileID: 114406835509380014, guid: 03f99e63a040bd74faf29bb0810cf392, type: 3}
  m_PrefabInstance: {fileID: 5914488959981791406}
  m_PrefabAsset: {fileID: 0}
--- !u!1001 &6282821827286678102
PrefabInstance:
  m_ObjectHideFlags: 0
  serializedVersion: 2
  m_Modification:
    m_TransformParent: {fileID: 6282821829208860527}
    m_Modifications:
    - target: {fileID: -8679921383154817045, guid: 673f21485f4b123438e75a79afcc9d67, type: 3}
      propertyPath: m_RootOrder
      value: 0
      objectReference: {fileID: 0}
    - target: {fileID: -8679921383154817045, guid: 673f21485f4b123438e75a79afcc9d67, type: 3}
      propertyPath: m_LocalPosition.x
      value: 0
      objectReference: {fileID: 0}
    - target: {fileID: -8679921383154817045, guid: 673f21485f4b123438e75a79afcc9d67, type: 3}
      propertyPath: m_LocalPosition.y
      value: 0
      objectReference: {fileID: 0}
    - target: {fileID: -8679921383154817045, guid: 673f21485f4b123438e75a79afcc9d67, type: 3}
      propertyPath: m_LocalPosition.z
      value: 0
      objectReference: {fileID: 0}
    - target: {fileID: -8679921383154817045, guid: 673f21485f4b123438e75a79afcc9d67, type: 3}
      propertyPath: m_LocalRotation.w
      value: 0.0000009238719
      objectReference: {fileID: 0}
    - target: {fileID: -8679921383154817045, guid: 673f21485f4b123438e75a79afcc9d67, type: 3}
      propertyPath: m_LocalRotation.x
      value: -0
      objectReference: {fileID: 0}
    - target: {fileID: -8679921383154817045, guid: 673f21485f4b123438e75a79afcc9d67, type: 3}
      propertyPath: m_LocalRotation.y
      value: 1
      objectReference: {fileID: 0}
    - target: {fileID: -8679921383154817045, guid: 673f21485f4b123438e75a79afcc9d67, type: 3}
      propertyPath: m_LocalRotation.z
      value: -0
      objectReference: {fileID: 0}
    - target: {fileID: -8679921383154817045, guid: 673f21485f4b123438e75a79afcc9d67, type: 3}
      propertyPath: m_LocalEulerAnglesHint.x
      value: 0
      objectReference: {fileID: 0}
    - target: {fileID: -8679921383154817045, guid: 673f21485f4b123438e75a79afcc9d67, type: 3}
      propertyPath: m_LocalEulerAnglesHint.y
      value: 180
      objectReference: {fileID: 0}
    - target: {fileID: -8679921383154817045, guid: 673f21485f4b123438e75a79afcc9d67, type: 3}
      propertyPath: m_LocalEulerAnglesHint.z
      value: 0
      objectReference: {fileID: 0}
    - target: {fileID: -7511558181221131132, guid: 673f21485f4b123438e75a79afcc9d67, type: 3}
      propertyPath: m_CastShadows
      value: 0
      objectReference: {fileID: 0}
    - target: {fileID: -7511558181221131132, guid: 673f21485f4b123438e75a79afcc9d67, type: 3}
      propertyPath: m_Materials.Array.data[0]
      value: 
      objectReference: {fileID: 2100000, guid: 8d1c0d3681c04c841b3d7bef621e35ee, type: 2}
    - target: {fileID: -7511558181221131132, guid: 673f21485f4b123438e75a79afcc9d67, type: 3}
      propertyPath: m_Materials.Array.data[1]
      value: 
      objectReference: {fileID: 0}
    - target: {fileID: -7511558181221131132, guid: 673f21485f4b123438e75a79afcc9d67, type: 3}
      propertyPath: m_Materials.Array.data[2]
      value: 
      objectReference: {fileID: 0}
    - target: {fileID: -7511558181221131132, guid: 673f21485f4b123438e75a79afcc9d67, type: 3}
      propertyPath: m_Materials.Array.data[3]
      value: 
      objectReference: {fileID: 0}
    - target: {fileID: 919132149155446097, guid: 673f21485f4b123438e75a79afcc9d67, type: 3}
      propertyPath: m_Name
      value: road_bendSquare
      objectReference: {fileID: 0}
    - target: {fileID: 919132149155446097, guid: 673f21485f4b123438e75a79afcc9d67, type: 3}
      propertyPath: m_StaticEditorFlags
      value: 4294967295
      objectReference: {fileID: 0}
    m_RemovedComponents: []
  m_SourcePrefab: {fileID: 100100000, guid: 673f21485f4b123438e75a79afcc9d67, type: 3}
--- !u!4 &5817428437387926973 stripped
Transform:
  m_CorrespondingSourceObject: {fileID: -8679921383154817045, guid: 673f21485f4b123438e75a79afcc9d67, type: 3}
  m_PrefabInstance: {fileID: 6282821827286678102}
  m_PrefabAsset: {fileID: 0}
