%YAML 1.1
%TAG !u! tag:unity3d.com,2011:
--- !u!1 &3246602335136962622
GameObject:
  m_ObjectHideFlags: 0
  m_CorrespondingSourceObject: {fileID: 0}
  m_PrefabInstance: {fileID: 0}
  m_PrefabAsset: {fileID: 0}
  serializedVersion: 6
  m_Component:
  - component: {fileID: 59785203878469842}
  - component: {fileID: 3346803182586665538}
  - component: {fileID: 3936365185144934179}
  - component: {fileID: 3658068468223149442}
  m_Layer: 0
  m_Name: humanMock
  m_TagString: Untagged
  m_Icon: {fileID: 0}
  m_NavMeshLayer: 0
  m_StaticEditorFlags: 0
  m_IsActive: 1
--- !u!4 &59785203878469842
Transform:
  m_ObjectHideFlags: 0
  m_CorrespondingSourceObject: {fileID: 0}
  m_PrefabInstance: {fileID: 0}
  m_PrefabAsset: {fileID: 0}
  m_GameObject: {fileID: 3246602335136962622}
  m_LocalRotation: {x: 0, y: 0, z: 0, w: 1}
  m_LocalPosition: {x: 0, y: 0, z: 0}
  m_LocalScale: {x: 2, y: 2, z: 2}
  m_Children:
  - {fileID: 4087771406195136888}
  m_Father: {fileID: 0}
  m_RootOrder: 0
  m_LocalEulerAnglesHint: {x: 0, y: 0, z: 0}
--- !u!114 &3346803182586665538
MonoBehaviour:
  m_ObjectHideFlags: 0
  m_CorrespondingSourceObject: {fileID: 0}
  m_PrefabInstance: {fileID: 0}
  m_PrefabAsset: {fileID: 0}
  m_GameObject: {fileID: 3246602335136962622}
  m_Enabled: 1
  m_EditorHideFlags: 0
  m_Script: {fileID: 11500000, guid: 2d92805902084cb4a83d950302307ded, type: 3}
  m_Name: 
  m_EditorClassIdentifier: 
  speed: 1
--- !u!114 &3936365185144934179
MonoBehaviour:
  m_ObjectHideFlags: 0
  m_CorrespondingSourceObject: {fileID: 0}
  m_PrefabInstance: {fileID: 0}
  m_PrefabAsset: {fileID: 0}
  m_GameObject: {fileID: 3246602335136962622}
  m_Enabled: 1
  m_EditorHideFlags: 0
  m_Script: {fileID: 11500000, guid: 246d76024128ea047b19a64188401549, type: 3}
  m_Name: 
  m_EditorClassIdentifier: 
--- !u!114 &3658068468223149442
MonoBehaviour:
  m_ObjectHideFlags: 0
  m_CorrespondingSourceObject: {fileID: 0}
  m_PrefabInstance: {fileID: 0}
  m_PrefabAsset: {fileID: 0}
  m_GameObject: {fileID: 3246602335136962622}
  m_Enabled: 1
  m_EditorHideFlags: 0
  m_Script: {fileID: 11500000, guid: 9e338994d94df2942b1494e6692d8204, type: 3}
  m_Name: 
  m_EditorClassIdentifier: 
  pathIndex: -1
--- !u!1001 &4553164593173626515
PrefabInstance:
  m_ObjectHideFlags: 0
  serializedVersion: 2
  m_Modification:
    m_TransformParent: {fileID: 59785203878469842}
    m_Modifications:
    - target: {fileID: -8679921383154817045, guid: f82607b0aa9272f4eb9da09d8faad798, type: 3}
      propertyPath: m_RootOrder
      value: 0
      objectReference: {fileID: 0}
    - target: {fileID: -8679921383154817045, guid: f82607b0aa9272f4eb9da09d8faad798, type: 3}
      propertyPath: m_LocalScale.x
      value: 2
      objectReference: {fileID: 0}
    - target: {fileID: -8679921383154817045, guid: f82607b0aa9272f4eb9da09d8faad798, type: 3}
      propertyPath: m_LocalScale.y
      value: 2
      objectReference: {fileID: 0}
    - target: {fileID: -8679921383154817045, guid: f82607b0aa9272f4eb9da09d8faad798, type: 3}
      propertyPath: m_LocalScale.z
      value: 2.69
      objectReference: {fileID: 0}
    - target: {fileID: -8679921383154817045, guid: f82607b0aa9272f4eb9da09d8faad798, type: 3}
      propertyPath: m_LocalPosition.x
      value: -0
      objectReference: {fileID: 0}
    - target: {fileID: -8679921383154817045, guid: f82607b0aa9272f4eb9da09d8faad798, type: 3}
      propertyPath: m_LocalPosition.y
      value: 0
      objectReference: {fileID: 0}
    - target: {fileID: -8679921383154817045, guid: f82607b0aa9272f4eb9da09d8faad798, type: 3}
      propertyPath: m_LocalPosition.z
      value: 0
      objectReference: {fileID: 0}
    - target: {fileID: -8679921383154817045, guid: f82607b0aa9272f4eb9da09d8faad798, type: 3}
      propertyPath: m_LocalRotation.w
      value: 0.7071068
      objectReference: {fileID: 0}
    - target: {fileID: -8679921383154817045, guid: f82607b0aa9272f4eb9da09d8faad798, type: 3}
      propertyPath: m_LocalRotation.x
      value: -0.7071068
      objectReference: {fileID: 0}
    - target: {fileID: -8679921383154817045, guid: f82607b0aa9272f4eb9da09d8faad798, type: 3}
      propertyPath: m_LocalRotation.y
      value: 0
      objectReference: {fileID: 0}
    - target: {fileID: -8679921383154817045, guid: f82607b0aa9272f4eb9da09d8faad798, type: 3}
      propertyPath: m_LocalRotation.z
      value: 0
      objectReference: {fileID: 0}
    - target: {fileID: -8679921383154817045, guid: f82607b0aa9272f4eb9da09d8faad798, type: 3}
      propertyPath: m_LocalEulerAnglesHint.x
      value: -90
      objectReference: {fileID: 0}
    - target: {fileID: -8679921383154817045, guid: f82607b0aa9272f4eb9da09d8faad798, type: 3}
      propertyPath: m_LocalEulerAnglesHint.y
      value: 0
      objectReference: {fileID: 0}
    - target: {fileID: -8679921383154817045, guid: f82607b0aa9272f4eb9da09d8faad798, type: 3}
      propertyPath: m_LocalEulerAnglesHint.z
      value: 0
      objectReference: {fileID: 0}
    - target: {fileID: -7511558181221131132, guid: f82607b0aa9272f4eb9da09d8faad798, type: 3}
      propertyPath: m_CastShadows
      value: 0
      objectReference: {fileID: 0}
    - target: {fileID: -7511558181221131132, guid: f82607b0aa9272f4eb9da09d8faad798, type: 3}
      propertyPath: m_Materials.Array.data[0]
      value: 
      objectReference: {fileID: 2100000, guid: ebb18374e89afa04c80a8edd82ec00cf, type: 2}
    - target: {fileID: 919132149155446097, guid: f82607b0aa9272f4eb9da09d8faad798, type: 3}
      propertyPath: m_Name
      value: untitled
      objectReference: {fileID: 0}
    m_RemovedComponents: []
  m_SourcePrefab: {fileID: 100100000, guid: f82607b0aa9272f4eb9da09d8faad798, type: 3}
--- !u!4 &4087771406195136888 stripped
Transform:
  m_CorrespondingSourceObject: {fileID: -8679921383154817045, guid: f82607b0aa9272f4eb9da09d8faad798, type: 3}
  m_PrefabInstance: {fileID: 4553164593173626515}
  m_PrefabAsset: {fileID: 0}
